%first author, name, year, publisher


@Article{Girardi_2000,
  author    = {L. Girardi and A. Bressan and G. Bertelli and C. Chiosi},
  journal   = {\aaps},
  title     = {Evolutionary tracks and isochrones for low and intermediate mass stars},
  year      = {2000},
  month     = {feb},
  number    = {3},
  pages     = {371--383},
  volume    = {141},
  doi       = {10.1051/aas:2000126},
  publisher = {{EDP} Sciences},
  url       = {https://doi.org/10.1051%2Faas%3A2000126},
}


@article{Pietrinferni_2006,
	doi = {10.1086/501344},
  
	url = {https://doi.org/10.1086%2F501344},
  
	year = 2006,
	month = {may},
  
	publisher = {\aas},
  
	volume = {642},
  
	number = {2},
  
	pages = {797--812},
  
	author = {Adriano Pietrinferni and Santi Cassisi and Maurizio Salaris and Fiorella Castelli},
  
	title = {A Large Stellar Evolution Database for Population Synthesis Studies. {II}. {S}tellar Models and Isochrones for an $\alpha$-enhanced Metal Distribution},
  
	journal = {\apj}
}

@Article{Choi_2016,
  author    = {Jieun Choi and Aaron Dotter and Charlie Conroy and Matteo Cantiello and Bill Paxton and Benjamin D. Johnson},
  journal   = {\apj},
  title     = {{Mesa Isochrones and Stellar Tracks (MIST). I}. {S}OLAR-SCALED MODELS},
  year      = {2016},
  month     = {may},
  number    = {2},
  pages     = {102},
  volume    = {823},
  doi       = {10.3847/0004-637x/823/2/102},
  publisher = {\aas},
  url       = {https://doi.org/10.3847%2F0004-637x%2F823%2F2%2F102},
}









@article{Conroy_2013,
	doi = {10.1146/annurev-astro-082812-141017},
  
	url = {https://doi.org/10.1146%2Fannurev-astro-082812-141017},
  
	year = 2013,
	month = {aug},
  
	publisher = {Annual Reviews},
  
	volume = {51},
  
	number = {1},
  
	pages = {393--455},
  
	author = {Charlie Conroy},
  
	title = {Modeling the Panchromatic Spectral Energy Distributions of Galaxies},
  
	journal = {\araa}
}




@Article{Cenarro_2001,
  author    = {A. J. Cenarro and N. Cardiel and J. Gorgas and R. F. Peletier and A. Vazdekis and F. Prada},
  journal   = {\mnras},
  title     = {Empirical calibration of the near-infrared {Ca} {II} triplet - {I}. {T}he stellar library and index definition},
  year      = {2001},
  month     = {sep},
  number    = {3},
  pages     = {959--980},
  volume    = {326},
  doi       = {10.1046/j.1365-8711.2001.04688.x},
  publisher = {Oxford University Press ({OUP})},
  url       = {https://doi.org/10.1046%2Fj.1365-8711.2001.04688.x},
}


@Article{Vazdekis_2010,
  author    = {A. Vazdekis and P. Sánchez-Bl{\'{a}}zquez and J. Falc{\'{o}}n-Barroso and A. J. Cenarro and M. A. Beasley and N. Cardiel and J. Gorgas and R. F. Peletier},
  journal   = {\mnras},
  title     = {Evolutionary stellar population synthesis with {MILES} - {I}. {T}he base models and a new line index system},
  year      = {2010},
  month     = {mar},
  doi       = {10.1111/j.1365-2966.2010.16407.x},
  publisher = {Oxford University Press ({OUP})},
  url       = {https://doi.org/10.1111%2Fj.1365-2966.2010.16407.x},
}


@Article{Gonneau_2020,
  author    = {A. Gonneau and M. Lyubenova and A. Lancon and S. C. Trager and R. F. Peletier and A. Arentsen and Y.-P. Chen and P. R. T. Coelho and M. Dries and J. Falc{\'{o}}n-Barroso and P. Prugniel and P. S{\'{a}}nchez-Bl{\'{a}}zquez and A. Vazdekis and K. Verro},
  journal   = {\aap},
  title     = {The {X-shooter Spectral Library} ({XSL}): Data release 2},
  year      = {2020},
  month     = {feb},
  pages     = {A133},
  volume    = {634},
  doi       = {10.1051/0004-6361/201936825},
  publisher = {{EDP} Sciences},
  url       = {https://doi.org/10.1051%2F0004-6361%2F201936825},
}

@ARTICLE{salpeter95,
       author = {{Salpeter}, Edwin E.},
        title = {The Luminosity Function and Stellar Evolution},
      journal = {\apj},
         year = 1955,
        month = jan,
       volume = {121},
        pages = {161},
          doi = {10.1086/145971},
       adsurl = {https://ui.adsabs.harvard.edu/abs/1955ApJ...121..161S},
      adsnote = {Provided by the SAO/NASA Astrophysics Data System}
}

@article{Kroupa_2001,
	doi = {10.1046/j.1365-8711.2001.04022.x},
  
	url = {https://doi.org/10.1046%2Fj.1365-8711.2001.04022.x},
  
	year = 2001,
	month = {apr},
  
	publisher = {Oxford University Press ({OUP})},
  
	volume = {322},
  
	number = {2},
  
	pages = {231--246},
  
	author = {P. Kroupa},
  
	title = {On the variation of the initial mass function},
  
	journal = {\mnras}
}

@article{Chabrier_2003,
	doi = {10.1086/376392},
  
	url = {https://doi.org/10.1086%2F376392},
  
	year = 2003,
	month = {jul},
  
	publisher = {{IOP} Publishing},
  
	volume = {115},
  
	number = {809},
  
	pages = {763--795},
  
	author = {Gilles Chabrier},
  
	title = {Galactic Stellar and Substellar Initial Mass Function},
  
	journal = {\pasp}
}


@Article{Iyer_2017,
  author    = {Kartheik Iyer and Eric Gawiser},
  journal   = {\apj},
  title     = {Reconstruction of Galaxy Star Formation Histories through {SED} Fitting: {T}he {Dense Basis} Approach},
  year      = {2017},
  month     = {apr},
  number    = {2},
  pages     = {127},
  volume    = {838},
  doi       = {10.3847/1538-4357/aa63f0},
  publisher = {\aas},
  url       = {https://doi.org/10.3847%2F1538-4357%2Faa63f0},
}

@Article{Leja_2017,
  author    = {Joel Leja and Benjamin D. Johnson and Charlie Conroy and Pieter G. van Dokkum and Nell Byler},
  journal   = {\apj},
  title     = {Deriving Physical Properties from Broadband Photometry with { Prospector}: Description of the Model and a Demonstration of its Accuracy Using 129 Galaxies in the Local Universe},
  year      = {2017},
  month     = {mar},
  number    = {2},
  pages     = {170},
  volume    = {837},
  doi       = {10.3847/1538-4357/aa5ffe},
  publisher = {\aas},
  url       = {https://doi.org/10.3847%2F1538-4357%2Faa5ffe},
}

@article{tinsley,
  doi = {10.48550/ARXIV.2203.02041},
  
  url = {https://arxiv.org/abs/2203.02041},
  
  author = {Tinsley, Beatrice M.},
  
  keywords = {Astrophysics of Galaxies (astro-ph.GA), FOS: Physical sciences, FOS: Physical sciences},
  
  title = {Evolution of Stars and Gas in Galaxies},
  
  journal = {Fundamental Cosmic Physics},
  
  year = {1980},
  
  copyright = {Creative Commons Zero v1.0 Universal}
}

@Article{Lee,
  author        = {{Lee}, Seong-Kook and {Ferguson}, Henry C. and {Somerville}, Rachel S. and {Wiklind}, Tommy and {Giavalisco}, Mauro},
  journal       = {\apj},
  title         = {The Estimation of Star Formation Rates and Stellar Population Ages of High-redshift Galaxies from Broadband Photometry},
  year          = {2010},
  month         = dec,
  number        = {2},
  pages         = {1644-1651},
  volume        = {725},
  adsnote       = {Provided by the SAO/NASA Astrophysics Data System},
  adsurl        = {https://ui.adsabs.harvard.edu/abs/2010ApJ...725.1644L},
  archiveprefix = {arXiv},
  doi           = {10.1088/0004-637X/725/2/1644},
  eprint        = {1010.1966},
  keywords      = {galaxies: evolution, galaxies: fundamental parameters, galaxies: high-redshift, galaxies: statistics, galaxies: stellar content, methods: statistical, Astrophysics - Cosmology and Nongalactic Astrophysics},
  primaryclass  = {astro-ph.CO},
}

@Article{Gladders,
  author        = {{Gladders}, Michael D. and {Oemler}, Augustus and {Dressler}, Alan and {Poggianti}, Bianca and {Vulcani}, Benedetta and {Abramson}, Louis},
  journal       = {\apj},
  title         = {The {IMACS} Cluster Building Survey. {IV}. {T}he Log-normal Star Formation History of Galaxies},
  year          = {2013},
  month         = jun,
  number        = {1},
  pages         = {64},
  volume        = {770},
  adsnote       = {Provided by the SAO/NASA Astrophysics Data System},
  adsurl        = {https://ui.adsabs.harvard.edu/abs/2013ApJ...770...64G},
  archiveprefix = {arXiv},
  doi           = {10.1088/0004-637X/770/1/64},
  eid           = {64},
  eprint        = {1303.3917},
  keywords      = {galaxies: evolution, galaxies: formation, galaxies: statistics, Astrophysics - Cosmology and Nongalactic Astrophysics},
  primaryclass  = {astro-ph.CO},
}



@article{simha_14,
      title={Parametrising Star Formation Histories}, 
      author={Vimal Simha and David H. Weinberg and Charlie Conroy and Romeel Dave and Mark Fardal and Neal Katz and Benjamin D. Oppenheimer},
      journal = {arXiv e-prints},
     keywords = {Astrophysics - Astrophysics of Galaxies, Astrophysics - Cosmology and Nongalactic Astrophysics},
         year = 2014,
        month = apr,
          eid = {arXiv:1404.0402},
        pages = {arXiv:1404.0402},
          doi = {10.48550/arXiv.1404.0402},
archivePrefix = {arXiv},
       eprint = {1404.0402},
 primaryClass = {astro-ph.GA},
       adsurl = {https://ui.adsabs.harvard.edu/abs/2014arXiv1404.0402S},
      adsnote = {Provided by the SAO/NASA Astrophysics Data System}
}


@article{fernandes2008star,
  author        = {R. Cid Fernandes and W. Schoenell and J. M. Gomes and N V. Asari and M. Schlickmann and A. Mateus and G. Stasinska and L. Sodre and J. P. Torres-Papaqui},
  title         = {The Star Formation Histories of galaxies: {A} tour through the {STARLIGHT-SDSS} database},
  year          = {2008},
  journal = {Revista Mexicana de Astronomia y Astrofisica},
  doi = {10.48550/arXiv.0802.0849},
}



@article{hinton,
author = {G. E. Hinton  and R. R. Salakhutdinov },
title = {Reducing the Dimensionality of Data with Neural Networks},
journal = {Science},
volume = {313},
number = {5786},
pages = {504-507},
year = {2006},
doi = {10.1126/science.1127647},
URL = {https://www.science.org/doi/abs/10.1126/science.1127647},
eprint = {https://www.science.org/doi/pdf/10.1126/science.1127647},
abstract = {High-dimensional data can be converted to low-dimensional codes by training a multilayer neural network with a small central layer to reconstruct high-dimensional input vectors. Gradient descent can be used for fine-tuning the weights in such “autoencoder” networks, but this works well only if the initial weights are close to a good solution. We describe an effective way of initializing the weights that allows deep autoencoder networks to learn low-dimensional codes that work much better than principal components analysis as a tool to reduce the dimensionality of data.}}

@ARTICLE{huertascompany2023brief,
       author = {{Huertas-Company}, Marc and {Sarmiento}, Regina and {Knapen}, Johan H.},
        title = "{A brief review of contrastive learning applied to astrophysics}",
      journal = {RAS Techniques and Instruments},
     keywords = {Machine Learning, Data Methods, methods: data analysis, methods: statistical, methods: miscellaneous, techniques: miscellaneous, Astrophysics - Instrumentation and Methods for Astrophysics, Computer Science - Machine Learning},
         year = 2023,
        month = jan,
       volume = {2},
       number = {1},
        pages = {441-452},
          doi = {10.1093/rasti/rzad028},
archivePrefix = {arXiv},
       eprint = {2306.05528},
 primaryClass = {astro-ph.IM},
       adsurl = {https://ui.adsabs.harvard.edu/abs/2023RASTI...2..441H},
      adsnote = {Provided by the SAO/NASA Astrophysics Data System}
}


@article{planck13,
	doi = {10.1051/0004-6361/201321591},
  
	url = {https://doi.org/10.1051%2F0004-6361%2F201321591},
  
	year = 2014,
	month = {oct},
  
	publisher = {{EDP} Sciences},
  
	volume = {571},
  
	pages = {A16},
  
	author = {P. A. R. Ade and N. Aghanim and C. Armitage-Caplan and M. Arnaud and M. Ashdown and F. Atrio-Barandela and J. Aumont and C. Baccigalupi and A. J. Banday and R. B. Barreiro and J. G. Bartlett and E. Battaner and K. Benabed and A. Beno{\^{\i}
}t and A. Benoit-L{\'{e}}vy and J.-P. Bernard and M. Bersanelli and P. Bielewicz and J. Bobin and J. J. Bock and A. Bonaldi and J. R. Bond and J. Borrill and F. R. Bouchet and M. Bridges and M. Bucher and C. Burigana and R. C. Butler and E. Calabrese and B. Cappellini and J.-F. Cardoso and A. Catalano and A. Challinor and A. Chamballu and R.-R. Chary and X. Chen and H. C. Chiang and L.-Y Chiang and P. R. Christensen and S. Church and D. L. Clements and S. Colombi and L. P. L. Colombo and F. Couchot and A. Coulais and B. P. Crill and A. Curto and F. Cuttaia and L. Danese and R. D. Davies and R. J. Davis and P. de Bernardis and A. de Rosa and G. de Zotti and J. Delabrouille and J.-M. Delouis and F.-X. D{\'{e}}sert and C. Dickinson and J. M. Diego and K. Dolag and H. Dole and S. Donzelli and O. Dor{\'{e}} and M. Douspis and J. Dunkley and X. Dupac and G. Efstathiou and F. Elsner and T. A. En{\ss}lin and H. K. Eriksen and F. Finelli and O. Forni and M. Frailis and A. A. Fraisse and E. Franceschi and T. C. Gaier and S. Galeotta and S. Galli and K. Ganga and M. Giard and G. Giardino and Y. Giraud-H{\'{e}}raud and E. Gjerl{\o}w and J. Gonz{\'{a}}lez-Nuevo and K. M. G{\'{o}}rski and S. Gratton and A. Gregorio and A. Gruppuso and J. E. Gudmundsson and J. Haissinski and J. Hamann and F. K. Hansen and D. Hanson and D. Harrison and S. Henrot-Versill{\'{e}} and C. Hern{\'{a}}ndez-Monteagudo and D. Herranz and S. R. Hildebrandt and E. Hivon and M. Hobson and W. A. Holmes and A. Hornstrup and Z. Hou and W. Hovest and K. M. Huffenberger and A. H. Jaffe and T. R. Jaffe and J. Jewell and W. C. Jones and M. Juvela and E. Keihänen and R. Keskitalo and T. S. Kisner and R. Kneissl and J. Knoche and L. Knox and M. Kunz and H. Kurki-Suonio and G. Lagache and A. Lähteenmäki and J.-M. Lamarre and A. Lasenby and M. Lattanzi and R. J. Laureijs and C. R. Lawrence and S. Leach and J. P. Leahy and R. Leonardi and J. Le{\'{o}}n-Tavares and J. Lesgourgues and A. Lewis and M. Liguori and P. B. Lilje and M. Linden-V{\o}rnle and M. L{\'{o}}pez-Caniego and P. M. Lubin and J. F. Mac{\'{\i}}as-P{\'{e}}rez and B. Maffei and D. Maino and N. Mandolesi and M. Maris and D. J. Marshall and P. G. Martin and E. Mart{\'{\i}}nez-Gonz{\'{a}}lez and S. Masi and M. Massardi and S. Matarrese and F. Matthai and P. Mazzotta and P. R. Meinhold and A. Melchiorri and J.-B. Melin and L. Mendes and E. Menegoni and A. Mennella and M. Migliaccio and M. Millea and S. Mitra and M.-A. Miville-Desch{\^{e}}nes and A. Moneti and L. Montier and G. Morgante and D. Mortlock and A. Moss and D. Munshi and J. A. Murphy and P. Naselsky and F. Nati and P. Natoli and C. B. Netterfield and H. U. N{\o}rgaard-Nielsen and F. Noviello and D. Novikov and I. Novikov and I. J. O'Dwyer and S. Osborne and C. A. Oxborrow and F. Paci and L. Pagano and F. Pajot and R. Paladini and D. Paoletti and B. Partridge and F. Pasian and G. Patanchon and D. Pearson and T. J. Pearson and H. V. Peiris and O. Perdereau and L. Perotto and F. Perrotta and V. Pettorino and F. Piacentini and M. Piat and E. Pierpaoli and D. Pietrobon and S. Plaszczynski and P. Platania and E. Pointecouteau and G. Polenta and N. Ponthieu and L. Popa and T. Poutanen and G. W. Pratt and G. Pr{\'{e}}zeau and S. Prunet and J.-L. Puget and J. P. Rachen and W. T. Reach and R. Rebolo and M. Reinecke and M. Remazeilles and C. Renault and S. Ricciardi and T. Riller and I. Ristorcelli and G. Rocha and C. Rosset and G. Roudier and M. Rowan-Robinson and J. A. Rubi{\~{n}}o-Mart{\'{\i}}n and B. Rusholme and M. Sandri and D. Santos and M. Savelainen and G. Savini and D. Scott and M. D. Seiffert and E. P. S. Shellard and L. D. Spencer and J.-L. Starck and V. Stolyarov and R. Stompor and R. Sudiwala and R. Sunyaev and F. Sureau and D. Sutton and A.-S. Suur-Uski and J.-F. Sygnet and J. A. Tauber and D. Tavagnacco and L. Terenzi and L. Toffolatti and M. Tomasi and M. Tristram and M. Tucci and J. Tuovinen and M. Türler and G. Umana and L. Valenziano and J. Valiviita and B. Van Tent and P. Vielva and F. Villa and N. Vittorio and L. A. Wade and B. D. Wandelt and I. K. Wehus and M. White and S. D. M. White and A. Wilkinson and D. Yvon and A. Zacchei and A. Zonca},
  
	title = {Planck 2013 results. {XVI}. {C}osmological parameters},
  
	journal = {\aap}
}



@Article{Tojeiro_2007,
  author    = {R. Tojeiro and A. F. Heavens and R. Jimenez and B. Panter},
  journal   = {\mnras},
  title     = {Recovering galaxy star formation and metallicity histories from spectra using {VESPA}},
  year      = {2007},
  month     = {sep},
  number    = {3},
  pages     = {1252--1266},
  volume    = {381},
  doi       = {10.1111/j.1365-2966.2007.12323.x},
  publisher = {Oxford University Press ({OUP})},
  url       = {https://doi.org/10.1111%2Fj.1365-2966.2007.12323.x},
}

@Article{Pacifici_2012,
  author    = {Camilla Pacifici and Susan A. Kassin and Benjamin Weiner and St{\'{e} }phane Charlot and Jonathan P. Gardner},
  journal   = {\apj},
  title     = {THE RISE AND FALL OF THE STAR FORMATION HISTORIES OF BLUE GALAXIES AT REDSHIFTS $0.2<z<1.4$},
  year      = {2012},
  month     = {dec},
  number    = {1},
  pages     = {L15},
  volume    = {762},
  doi       = {10.1088/2041-8205/762/1/l15},
  publisher = {\aas},
  url       = {https://doi.org/10.1088%2F2041-8205%2F762%2F1%2Fl15},
}


@article{Leja_2019,
	doi = {10.3847/1538-4357/ab133c},
  
	url = {https://doi.org/10.3847%2F1538-4357%2Fab133c},
  
	year = 2019,
	month = {apr},
  
	publisher = {\aas},
  
	volume = {876},
  
	number = {1},
  
	pages = {3},
  
	author = {Joel Leja and Adam C. Carnall and Benjamin D. Johnson and Charlie Conroy and Joshua S. Speagle},
  
	title = {How to Measure Galaxy Star Formation Histories. {II}. {N}onparametric Models},
  
	journal = {\apj}
}

@article{Carnall_2019,
	doi = {10.3847/1538-4357/ab04a2},
  
	url = {https://doi.org/10.3847%2F1538-4357%2Fab04a2},
  
	year = 2019,
	month = {mar},
  
	publisher = {\aas},
  
	volume = {873},
  
	number = {1},
  
	pages = {44},
  
	author = {Adam C. Carnall and Joel Leja and Benjamin D. Johnson and Ross J. McLure and James S. Dunlop and Charlie Conroy},
  
	title = {How to Measure Galaxy Star Formation Histories. {I}. {P}arametric Models},
  
	journal = {\apj}
}

@article{Maraston_2011,
	doi = {10.1111/j.1365-2966.2011.19738.x},
  
	url = {https://doi.org/10.1111%2Fj.1365-2966.2011.19738.x},
  
	year = 2011,
	month = {nov},
  
	publisher = {Oxford University Press ({OUP})},
  
	volume = {418},
  
	number = {4},
  
	pages = {2785--2811},
  
	author = {C. Maraston and G. Strömbäck},
  
	title = {Stellar population models at high spectral resolution},
  
	journal = {\mnras}
}

@Article{Walcher_2010,
  author    = {Jakob Walcher and Brent Groves and Tam{\'{a}}s Budav{\'{a}}ri and Daniel Dale},
  journal   = {\apss},
  title     = {Fitting the integrated spectral energy distributions of galaxies},
  year      = {2010},
  month     = {aug},
  number    = {1},
  pages     = {1--51},
  volume    = {331},
  doi       = {10.1007/s10509-010-0458-z},
  publisher = {Springer Science and Business Media {LLC}},
  url       = {https://doi.org/10.1007%2Fs10509-010-0458-z},
}

@Article{Johnson_2021,
  author    = {Benjamin D. Johnson and Joel Leja and Charlie Conroy and Joshua S. Speagle},
  journal   = {\apjs},
  title     = {Stellar Population Inference with {Prospector}},
  year      = {2021},
  month     = {may},
  number    = {2},
  pages     = {22},
  volume    = {254},
  doi       = {10.3847/1538-4365/abef67},
  publisher = {\aas},
  url       = {https://doi.org/10.3847%2F1538-4365%2Fabef67},
}

@Article{Ocvirk,
  author        = {{Ocvirk}, P. and {Pichon}, C. and {Lan{\c{c}}on}, A. and {Thi{\'e}baut}, E.},
  journal       = {\mnras},
  title         = {{STECKMAP: STEllar Content and Kinematics} from high resolution galactic spectra via {Maximum A Posteriori}},
  year          = {2006},
  month         = jan,
  number        = {1},
  pages         = {74-84},
  volume        = {365},
  adsnote       = {Provided by the SAO/NASA Astrophysics Data System},
  adsurl        = {https://ui.adsabs.harvard.edu/abs/2006\mnras.365...74O},
  archiveprefix = {arXiv},
  doi           = {10.1111/j.1365-2966.2005.09323.x},
  eprint        = {astro-ph/0507002},
  keywords      = {methods: data analysis, methods: statistical, techniques: spectroscopic, galaxies: abundances, galaxies: kinematics and dynamics, galaxies: stellar content, Astrophysics},
  primaryclass  = {astro-ph},
}

@article{Cameron_2012,
	doi = {10.1111/j.1365-2966.2012.21371.x},
  
	url = {https://doi.org/10.1111%2Fj.1365-2966.2012.21371.x},
  
	year = 2012,
	month = {aug},
  
	publisher = {Oxford University Press ({OUP})},
  
	volume = {425},
  
	number = {1},
  
	pages = {44--65},
  
	author = {E. Cameron and A. N. Pettitt},
  
	title = {{Approximate Bayesian Computation} for astronomical model analysis: {A} case study in galaxy demographics and morphological transformation at high redshift},
  
	journal = {\mnras}
}

@article{mishrasharma2022inferring,
      title={Inferring dark matter substructure with astrometric lensing beyond the power spectrum}, 
      author={Siddharth Mishra-Sharma},
  journal = {Mach. learn. : sci. technol.},
     keywords = {astrostatistics techniques (1886), cosmology (343), dark matter (353), gravitational lensing (670), convolutional neural networks (1938), astrometry (80), Astrophysics - Cosmology and Nongalactic Astrophysics, Computer Science - Machine Learning, High Energy Physics - Phenomenology},
         year = 2022,
        month = mar,
       volume = {3},
       number = {1},
          eid = {01LT03},
        pages = {01LT03},
          doi = {10.1088/2632-2153/ac494a},
archivePrefix = {arXiv},
       eprint = {2110.01620},
 primaryClass = {astro-ph.CO},
       adsurl = {https://ui.adsabs.harvard.edu/abs/2022MLS&T...3aLT03M},
      adsnote = {Provided by the SAO/NASA Astrophysics Data System}
}



@article{Cranmer_2020,
	doi = {10.1073/pnas.1912789117},
  
	url = {https://doi.org/10.1073%2Fpnas.1912789117},
  
	year = 2020,
	month = {may},
  
	publisher = {Proceedings of the National Academy of Sciences},
  
	volume = {117},
  
	number = {48},
  
	pages = {30055--30062},
  
	author = {Kyle Cranmer and Johann Brehmer and Gilles Louppe},
  
	title = {The frontier of {Simulation-Based I}nference},
  
	journal = {Proceedings of the National Academy of Sciences}
}


@Article{baldwin1981,
  author   = {{Baldwin}, J.~A. and {Phillips}, M.~M. and {Terlevich}, R.},
  journal  = {\pasp},
  title    = {Classification parameters for the emission-line spectra of extragalactic objects},
  year     = {1981},
  month    = feb,
  pages    = {5-19},
  volume   = {93},
  adsnote  = {Provided by the SAO/NASA Astrophysics Data System},
  adsurl   = {https://ui.adsabs.harvard.edu/abs/1981PASP...93....5B},
  doi      = {10.1086/130766},
  keywords = {Astronomical Spectroscopy, Emission Spectra, Line Spectra, Quasars, Seyfert Galaxies, Classifications, H Ii Regions, Photoionization, Planetary Nebulae, Shock Heating, Astrophysics},
}


@article{kewley19,
	doi = {10.1146/annurev-astro-081817-051832},
  
	url = {https://doi.org/10.1146%2Fannurev-astro-081817-051832},
  
	year = 2019,
	month = {aug},
  
	publisher = {Annual Reviews},
  
	volume = {57},
  
	number = {1},
  
	pages = {511--570},
  
	author = {Lisa J. Kewley and David C. Nicholls and Ralph S. Sutherland},
  
	title = {Understanding Galaxy Evolution Through Emission Lines},
  
	journal = {\araa}
}


@Article{Brown_2014,
  author    = {Michael J. I. Brown and John Moustakas and J.-D. T. Smith and Elisabete da Cunha and T. H. Jarrett and Masatoshi Imanishi and Lee Armus and Bernhard R. Brandl and J. E. G. Peek},
  journal   = {\apjs},
  title     = {AN ATLAS OF GALAXY SPECTRAL ENERGY DISTRIBUTIONS FROM THE ULTRAVIOLET TO THE MID-INFRARED},
  year      = {2014},
  month     = {may},
  number    = {2},
  pages     = {18},
  volume    = {212},
  doi       = {10.1088/0067-0049/212/2/18},
  publisher = {\aas},
  url       = {https://doi.org/10.1088%2F0067-0049%2F212%2F2%2F18},
}


@Article{Yip_2004,
  author    = {C. W. Yip and A. J. Connolly and A. S. Szalay and T. Budav{\'{a} }ri and M. SubbaRao and J. A. Frieman and R. C. Nichol and A. M. Hopkins and D. G. York and S. Okamura and J. Brinkmann and I. Csabai and A. R. Thakar and M. Fukugita and {\v{Z}}. Ivezi{\'{c}}},
  journal   = {\apj},
  title     = {Distributions of Galaxy Spectral Types in the {Sloan Digital Sky Survey}},
  year      = {2004},
  month     = {aug},
  number    = {2},
  pages     = {585--609},
  volume    = {128},
  doi       = {10.1086/422429},
  publisher = {\aas},
  url       = {https://doi.org/10.1086%2F422429},
}

@Article{calzetti94,
  author   = {{Calzetti}, Daniela and {Kinney}, Anne L. and {Storchi-Bergmann}, Thaisa},
  journal  = {\apj},
  title    = {Dust Extinction of the Stellar Continua in Starburst Galaxies: The Ultraviolet and Optical Extinction Law},
  year     = {1994},
  month    = jul,
  pages    = {582},
  volume   = {429},
  adsnote  = {Provided by the SAO/NASA Astrophysics Data System},
  adsurl   = {https://ui.adsabs.harvard.edu/abs/1994ApJ...429..582C},
  doi      = {10.1086/174346},
  keywords = {Astronomical Models, Continuums, Distribution Functions, Interplanetary Dust, Interstellar Extinction, Metallicity, Spectra, Spectral Energy Distribution, Starburst Galaxies, Ultraviolet Spectra, Analytic Functions, Apertures, Average, Calibrating, Derivation, Extraction, Iue, Numerical Analysis, Optimization, Photometry, Astrophysics, GALAXIES: ISM, GALAXIES: PHOTOMETRY, GALAXIES: STARBURST, ISM: DUST, EXTINCTION, ULTRAVIOLET: GALAXIES},
}

{hinton,
author = {Hinton, Geoffrey E. and Zemel, Richard S.},
title = {Autoencoders, Minimum Description Length and Helmholtz Free Energy},
year = {1993},
publisher = {Morgan Kaufmann Publishers Inc.},
address = {San Francisco, CA, USA},
,
booktitle = {Proceedings of the 6th International Conference on Neural Information Processing Systems},
pages = {3–10},
numpages = {8},
location = {Denver, Colorado},
series = {NIPS'93}
}


@article{Teimoorinia_2022,
	doi = {10.3847/1538-3881/ac4039},
  
	url = {https://doi.org/10.3847%2F1538-3881%2Fac4039},
  
	year = 2022,
	month = {jan},
  
	publisher = {\aas},
  
	volume = {163},
  
	number = {2},
  
	pages = {71},
  
	author = {Hossen Teimoorinia and Finn Archinuk and Joanna Woo and Sara Shishehchi and Asa F. L. Bluck},
  
	title = {Mapping the Diversity of Galaxy Spectra with Deep Unsupervised Machine Learning},
  
	journal = {\apj}
}


@article{serrà2018universal,
      title={Towards a universal neural network encoder for time series}, 
      author={Joan Serrà and Santiago Pascual and Alexandros Karatzoglou},
      journal = {arXiv e-prints},
     keywords = {Computer Science - Machine Learning, Computer Science - Neural and Evolutionary Computing, Statistics - Machine Learning},
         year = 2018,
        month = may,
          eid = {arXiv:1805.03908},
        pages = {arXiv:1805.03908},
          doi = {10.48550/arXiv.1805.03908},
archivePrefix = {arXiv},
       eprint = {1805.03908},
 primaryClass = {cs.LG},
       adsurl = {https://ui.adsabs.harvard.edu/abs/2018arXiv180503908S},
      adsnote = {Provided by the SAO/NASA Astrophysics Data System}
}


@article{he2015delving,
       author = {{He}, Kaiming and {Zhang}, Xiangyu and {Ren}, Shaoqing and {Sun}, Jian},
        title = {Delving Deep into Rectifiers: Surpassing Human-Level Performance on {ImageNet} Classification},
      journal = {arXiv e-prints},
     keywords = {Computer Science - Computer Vision and Pattern Recognition, Computer Science - Artificial Intelligence, Computer Science - Machine Learning},
         year = 2015,
        month = feb,
          eid = {arXiv:1502.01852},
        pages = {arXiv:1502.01852},
          doi = {10.48550/arXiv.1502.01852},
archivePrefix = {arXiv},
       eprint = {1502.01852},
 primaryClass = {cs.CV},
       adsurl = {https://ui.adsabs.harvard.edu/abs/2015arXiv150201852H},
      adsnote = {Provided by the SAO/NASA Astrophysics Data System}
}

@article{vaswani2017attention,
      title={Attention Is All You Need}, 
      author={Ashish Vaswani and Noam Shazeer and Niki Parmar and Jakob Uszkoreit and Llion Jones and Aidan N. Gomez and Lukasz Kaiser and Illia Polosukhin},
      journal = {arXiv e-prints},
     keywords = {Computer Science - Computation and Language, Computer Science - Machine Learning},
         year = 2017,
        month = jun,
          eid = {arXiv:1706.03762},
        pages = {arXiv:1706.03762},
          doi = {10.48550/arXiv.1706.03762},
archivePrefix = {arXiv},
       eprint = {1706.03762},
 primaryClass = {cs.CL},
       adsurl = {https://ui.adsabs.harvard.edu/abs/2017arXiv170603762V},
      adsnote = {Provided by the SAO/NASA Astrophysics Data System}
}


@article{sisson2018overview,
  author        = {S. A. Sisson and Y. Fan and M. A. Beaumont},
  title         = {Overview of {Approximate Bayesian Computation}},
journal = {arXiv e-prints},
     keywords = {Statistics - Computation, Statistics - Methodology, Statistics - Machine Learning},
         year = 2018,
        month = feb,
          eid = {arXiv:1802.09720},
        pages = {arXiv:1802.09720},
          doi = {10.48550/arXiv.1802.09720},
archivePrefix = {arXiv},
       eprint = {1802.09720},
 primaryClass = {stat.CO},
       adsurl = {https://ui.adsabs.harvard.edu/abs/2018arXiv180209720S},
      adsnote = {Provided by the SAO/NASA Astrophysics Data System}
}


@article{Portillo_2020,
	doi = {10.3847/1538-3881/ab9644},
  
	url = {https://doi.org/10.3847%2F1538-3881%2Fab9644},
  
	year = 2020,
	month = {jun},
  
	publisher = {\aas},
  
	volume = {160},
  
	number = {1},
  
	pages = {45},
  
	author = {Stephen K. N. Portillo and John K. Parejko and Jorge R. Vergara and Andrew J. Connolly},
  
	title = {Dimensionality Reduction of {SDSS} Spectra with Variational Autoencoders},
  
	journal = {\apj}
}


@ARTICLE{melchior2022,
       author = {{Melchior}, Peter and {Liang}, Yan and {Hahn}, ChangHoon and {Goulding}, Andy},
        title = "{Autoencoding Galaxy Spectra. I. Architecture}",
      journal = {\aj},
     keywords = {Astronomy data modeling, Galaxy spectroscopy, 1859, 2171, Astrophysics - Instrumentation and Methods for Astrophysics, Astrophysics - Astrophysics of Galaxies},
         year = 2023,
        month = aug,
       volume = {166},
       number = {2},
          eid = {74},
        pages = {74},
          doi = {10.3847/1538-3881/ace0ff},
archivePrefix = {arXiv},
       eprint = {2211.07890},
 primaryClass = {astro-ph.IM},
       adsurl = {https://ui.adsabs.harvard.edu/abs/2023AJ....166...74M},
      adsnote = {Provided by the SAO/NASA Astrophysics Data System}
}



@article{rezende15,
  author    = {Rezende, Danilo and Mohamed, Shakir},
  title     = {Variational Inference with {Normalizing Flows}},
  year      = {2015},
  journal    = {Proceedings of Machine Learning Research},
doi = {10.48550/arXiv.1505.05770},
  url       = {https://proceedings.mlr.press/v37/rezende15.html}
    
}














@article{umap,
  author        = {Leland McInnes and John Healy and James Melville},
  title         = {{UMAP: Uniform Manifold Approximation and Projection} for Dimension Reduction},
      journal = {arXiv e-prints},
     keywords = {Statistics - Machine Learning, Computer Science - Computational Geometry, Computer Science - Machine Learning},
         year = 2018,
        month = feb,
          eid = {arXiv:1802.03426},
        pages = {arXiv:1802.03426},
          doi = {10.48550/arXiv.1802.03426},
archivePrefix = {arXiv},
       eprint = {1802.03426},
 primaryClass = {stat.ML},
       adsurl = {https://ui.adsabs.harvard.edu/abs/2018arXiv180203426M},
      adsnote = {Provided by the SAO/NASA Astrophysics Data System}
}


@article{tejerocantero2020sbi,
  author        = {Alvaro Tejero-Cantero and Jan Boelts and Michael Deistler and Jan-Matthis Lueckmann and Conor Durkan and Pedro J. Gonçalves and David S. Greenberg and Jakob H. Macke},
  title         = {{SBI} - A toolkit for {S}imulation-{B}ased {I}nference},
      journal = {JOSS},
     keywords = {Python, Jupyter Notebook, bayesian inference, system identification, simulation science, parameter identification, likelihood-free inference, Computer Science - Machine Learning, Quantitative Biology - Quantitative Methods, Statistics - Computation, Statistics - Machine Learning},
         year = 2020,
        month = aug,
       volume = {5},
       number = {52},
          eid = {2505},
        pages = {2505},
          doi = {10.21105/joss.02505},
archivePrefix = {arXiv},
       eprint = {2007.09114},
 primaryClass = {cs.LG},
       adsurl = {https://ui.adsabs.harvard.edu/abs/2020JOSS....5.2505T},
      adsnote = {Provided by the SAO/NASA Astrophysics Data System}
}

@article{talts2020validating,
      title={Validating {B}ayesian Inference Algorithms with {Simulation-Based Calibration}}, 
      author={Sean Talts and Michael Betancourt and Daniel Simpson and Aki Vehtari and Andrew Gelman},
      journal = {arXiv e-prints},
     keywords = {Statistics - Methodology},
         year = 2018,
        month = apr,
          eid = {arXiv:1804.06788},
        pages = {arXiv:1804.06788},
          doi = {10.48550/arXiv.1804.06788},
archivePrefix = {arXiv},
       eprint = {1804.06788},
 primaryClass = {stat.ME},
       adsurl = {https://ui.adsabs.harvard.edu/abs/2018arXiv180406788T},
      adsnote = {Provided by the SAO/NASA Astrophysics Data System}
}


@Article{Hahn_2022,
  author    = {ChangHoon Hahn and Peter Melchior},
  journal   = {\apj},
  title     = {Accelerated {B}ayesian {SED} Modeling Using {Amortized Neural Posterior Estimation}},
  year      = {2022},
  month     = {oct},
  number    = {1},
  pages     = {11},
  volume    = {938},
  doi       = {10.3847/1538-4357/ac7b84},
  publisher = {\aas},
  url       = {https://doi.org/10.3847%2F1538-4357%2Fac7b84},
}


@article{La_Barbera_2013,
	doi = {10.1093/\mnras/stt943},
  
	url = {https://doi.org/10.1093%2F\mnras%2Fstt943},
  
	year = 2013,
	month = {jun},
  
	publisher = {Oxford University Press ({OUP})},
  
	volume = {433},
  
	number = {4},
  
	pages = {3017--3047},
  
	author = {F. {La Barbera} and I. Ferreras and A. Vazdekis and I. G. de la Rosa and R. R. de Carvalho and M. Trevisan and J. Falc{\'{o}
}n-Barroso and E. Ricciardelli},
  
	title = {{SPIDER} {VIII} {\textendash} constraints on the stellar initial mass function of early-type galaxies from a variety of spectral features},
  
	journal = {\mnras}
}


@ARTICLE{lilly13,
       author = {{Lilly}, Simon J. and {Carollo}, C. Marcella and {Pipino}, Antonio and {Renzini}, Alvio and {Peng}, Yingjie},
        title = {Gas Regulation of Galaxies: {T}he Evolution of the Cosmic Specific Star Formation Rate, the Metallicity-Mass-Star-formation Rate Relation, and the Stellar Content of Halos},
      journal = {\apj},
     keywords = {dark matter, galaxies: abundances, galaxies: evolution, galaxies: halos, galaxies: ISM, Astrophysics - Cosmology and Nongalactic Astrophysics},
         year = 2013,
        month = aug,
       volume = {772},
       number = {2},
          eid = {119},
        pages = {119},
          doi = {10.1088/0004-637X/772/2/119},
archivePrefix = {arXiv},
       eprint = {1303.5059},
 primaryClass = {astro-ph.CO},
       adsurl = {https://ui.adsabs.harvard.edu/abs/2013ApJ...772..119L},
      adsnote = {Provided by the SAO/NASA Astrophysics Data System}
}

@article{tacchella20,
    author = {Tacchella, Sandro and Forbes, John C and Caplar, Neven},
    title = "{Stochastic modelling of star-formation histories II: Star-formation variability from molecular clouds and gas inflow}",
    journal = {\mnras},
    volume = {497},
    number = {1},
    pages = {698-725},
    year = {2020},
    month = {06},
    abstract = "{A key uncertainty in galaxy evolution is the physics regulating star formation, ranging from small-scale processes related to the life-cycle of molecular clouds within galaxies to large-scale processes such as gas accretion on to galaxies. We study the imprint of such processes on the time-variability of star formation with an analytical approach tracking the gas mass of galaxies (‘regulator model’). Specifically, we quantify the strength of the fluctuation in the star-formation rate (SFR) on different time-scales, i.e. the power spectral density (PSD) of the star-formation history, and connect it to gas inflow and the life-cycle of molecular clouds. We show that in the general case the PSD of the SFR has three breaks, corresponding to the correlation time of the inflow rate, the equilibrium time-scale of the gas reservoir of the galaxy, and the average lifetime of individual molecular clouds. On long and intermediate time-scales (relative to the dynamical time-scale of the galaxy), the PSD is typically set by the variability of the inflow rate and the interplay between outflows and gas depletion. On short time-scales, the PSD shows an additional component related to the life-cycle of molecular clouds, which can be described by a damped random walk with a power-law slope of $\beta \approx 2$ at high frequencies with a break near the average cloud lifetime. We discuss star-formation ‘burstiness’ in a wide range of galaxy regimes, study the evolution of galaxies about the main sequence ridgeline, and explore the applicability of our method for understanding the star-formation process on cloud-scale from galaxy-integrated measurements.}",
    issn = {0035-8711},
    doi = {10.1093/\mnras/staa1838},
    url = {https://doi.org/10.1093/\mnras/staa1838},
    eprint = {https://academic.oup.com/\mnras/article-pdf/497/1/698/33531672/staa1838.pdf},
}


@article{lovell19,
    author = {Lovell, Christopher C and Acquaviva, Viviana and Thomas, Peter A and Iyer, Kartheik G and Gawiser, Eric and Wilkins, Stephen M},
    title = "{Learning the relationship between galaxies spectra and their star formation histories using convolutional neural networks and cosmological simulations}",
    journal = {\mnras},
    volume = {490},
    number = {4},
    pages = {5503-5520},
    year = {2019},
    month = {10},
    issn = {0035-8711},
    doi = {10.1093/\mnras/stz2851},
    url = {https://doi.org/10.1093/\mnras/stz2851},
    eprint = {https://academic.oup.com/\mnras/article-pdf/490/4/5503/30774300/stz2851.pdf},
}






@Article{Cappellari2022fake,
  author  = {{Cappellari}, M.},
  journal = {\mnras submitted},
  title   = {{Full spectrum fitting with photometry in {pPXF}: {N}on-parametric star formation history, metallicity and the quenching boundary from 3200 {LEGA-C} galaxies at redshift $z\approx0.8$}},
  year    = {2022},
  doi     = {10.48550/arXiv.2208.14974},
  eprint  = {2208.14974},
}

@ARTICLE{Cappellari2022,
       author = {{Cappellari}, Michele},
        title = "{Full spectrum fitting with photometry in PPXF: stellar population versus dynamical masses, non-parametric star formation history and metallicity for 3200 LEGA-C galaxies at redshift z {\ensuremath{\approx}} 0.8}",
      journal = {\mnras},
     keywords = {techniques: photometric, techniques: spectroscopic, software: data analysis, galaxies: evolution, galaxies: formation, galaxies: high-redshift, Astrophysics - Astrophysics of Galaxies},
         year = 2023,
        month = dec,
       volume = {526},
       number = {3},
        pages = {3273-3300},
          doi = {10.1093/\mnras/stad2597},
archivePrefix = {arXiv},
       eprint = {2208.14974},
 primaryClass = {astro-ph.GA},
       adsurl = {https://ui.adsabs.harvard.edu/abs/2023\mnras.526.3273C},
      adsnote = {Provided by the SAO/NASA Astrophysics Data System}
}

@article{papamakarios2018masked,
  author        = {George Papamakarios and Theo Pavlakou and Iain Murray},
  title         = {{Masked Autoregressive Flow} for Density Estimation},
      journal = {arXiv e-prints},
     keywords = {Statistics - Machine Learning, Computer Science - Machine Learning},
         year = 2017,
        month = may,
          eid = {arXiv:1705.07057},
        pages = {arXiv:1705.07057},
          doi = {10.48550/arXiv.1705.07057},
archivePrefix = {arXiv},
       eprint = {1705.07057},
 primaryClass = {stat.ML},
       adsurl = {https://ui.adsabs.harvard.edu/abs/2017arXiv170507057P},
      adsnote = {Provided by the SAO/NASA Astrophysics Data System}
}


@Misc{norm,
  author = {Riebesell, Janosh},
  month  = {12},
  title  = {\href{https://github.com/janosh/tikz}{Random {TikZ} Collection}},
  year   = {2022},
  doi    = {10.5281/zenodo.7486911},
  url    = {https://github.com/janosh/tikz},
}


@Article{Smit_2016,
  author    = {Renske Smit and Rychard J. Bouwens and Ivo Labb{\'{e} } and Marijn Franx and Stephen M. Wilkins and Pascal A. Oesch},
  journal   = {\apj},
  title     = {Inferred {H}$_{\alpha}$ Flux As A Star Formation Rate Indicator At $z \sim 4 - 5$: Implications For Dust Properties, Burstiness, And The $z = 4 - 8$ Star Formation rate Functions},
  year      = {2016},
  month     = {dec},
  number    = {2},
  pages     = {254},
  volume    = {833},
  doi       = {10.3847/1538-4357/833/2/254},
  publisher = {\aas},
  url       = {https://doi.org/10.3847%2F1538-4357%2F833%2F2%2F254},
}


@Article{Mart_n_Navarro_2014,
  author    = {Ignacio Martín-Navarro and Francesco {La Barbera} and Alexandre Vazdekis and Jesús Falcón-Barroso and Ignacio Ferreras},
  journal   = {\mnras},
  title     = {Radial variations in the stellar initial mass function of early-type galaxies},
  year      = {2015},
  month     = {dec},
  number    = {2},
  pages     = {1033--1048},
  volume    = {447},
  doi       = {10.1093/\mnras/stu2480},
  publisher = {Oxford University Press ({OUP})},
  url       = {https://doi.org/10.1093%2F\mnras%2Fstu2480},
}

@Article{Conroy_2009,
  author    = {Charlie Conroy and James E. Gunn and Martin White},
  journal   = {\apj},
  title     = {THE PROPAGATION OF UNCERTAINTIES IN STELLAR POPULATION SYNTHESIS MODELING. {I}. {T}HE RELEVANCE OF UNCERTAIN ASPECTS OF STELLAR EVOLUTION AND THE INITIAL MASS FUNCTION TO THE DERIVED PHYSICAL PROPERTIES},
  year      = {2009},
  month     = {jun},
  number    = {1},
  pages     = {486--506},
  volume    = {699},
  doi       = {10.1088/0004-637x/699/1/486},
  publisher = {\aas},
  url       = {https://doi.org/10.1088%2F0004-637x%2F699%2F1%2F486},
}


@Article{Kennicutt_Jr__1998,
  author    = {Robert C. Kennicutt, Jr.},
  journal   = {\apj},
  title     = {The Global {Schmidt} Law in Star-forming Galaxies},
  year      = {1998},
  month     = {may},
  number    = {2},
  pages     = {541--552},
  volume    = {498},
  doi       = {10.1086/305588},
  publisher = {\aas},
  url       = {https://doi.org/10.1086%2F305588},
}


@article{S_nchez_2012,
	doi = {10.1051/0004-6361/201219578},
  
	url = {https://doi.org/10.1051%2F0004-6361%2F201219578},
  
	year = 2012,
	month = {sep},
  
	publisher = {{EDP} Sciences},
  
	volume = {546},
  
	pages = {A2},
  
	author = {S. F. Sánchez and F. F. Rosales-Ortega and R. A. Marino and J. Iglesias-Páramo and J. M. V{\'{\i}}lchez and R. C. Kennicutt and A. I. D{\'{\i}}az and D. Mast and A. Monreal-Ibero and R. Garc{\'{\i}}a-Benito and J. Bland-Hawthorn and E. P{\'{e}}rez and R. Gonz{\'{a}}lez Delgado and B. Husemann and {\'{A}}. R. L{\'{o}}pez-S{\'{a}}nchez and R. Cid Fernandes and C. Kehrig and C. J. Walcher and A. Gil de Paz and S. Ellis},
  
	title = {Integral field spectroscopy of a sample of nearby galaxies},
  
	journal = {\aap}
}


@article{Torrey_2018,
	doi = {10.1093/\mnrasl/sly031},
  
	url = {https://doi.org/10.1093%2F\mnrasl%2Fsly031},
  
	year = 2018,
	month = {mar},
  
	publisher = {Oxford University Press ({OUP})},
  
	volume = {477},
  
	number = {1},
  
	pages = {L16--L20},
  
	author = {Paul Torrey and Mark Vogelsberger and Lars Hernquist and Ryan McKinnon and Federico Marinacci and Robert A Simcoe and Volker Springel and Annalisa Pillepich and Jill Naiman and Rüdiger Pakmor and Rainer Weinberger and Dylan Nelson and Shy Genel},
  
	title = {Similar star formation rate and metallicity variability time-scales drive the fundamental metallicity relation},
  
	journal = {\mnras: Letters}
}


@Article{2015zhang,
  author   = {{Zhang}, Yanxia and {Zhao}, Yongheng},
  journal  = {Data Sci. J.},
  title    = {Astronomy in the {Big Data} Era},
  year     = {2015},
  month    = may,
  pages    = {11},
  volume   = {14},
  adsnote  = {Provided by the SAO/NASA Astrophysics Data System},
  adsurl   = {https://ui.adsabs.harvard.edu/abs/2015DatSJ..14...11Z},
  doi      = {10.5334/dsj-2015-011},
  keywords = {big data, datamining, astrostatistics, astroinformatics},
}


@Article{2023Smith,
  author        = {{Smith}, Michael J. and {Geach}, James E.},
  journal       = {R. Soc. Open Sci.},
  title         = {Astronomia ex machina: a history, primer and outlook on neural networks in astronomy},
  year          = {2023},
  month         = may,
  number        = {5},
  pages         = {221454},
  volume        = {10},
  adsnote       = {Provided by the SAO/NASA Astrophysics Data System},
  adsurl        = {https://ui.adsabs.harvard.edu/abs/2023RSOS...1021454S},
  archiveprefix = {arXiv},
  doi           = {10.1098/rsos.221454},
  eid           = {221454},
  eprint        = {2211.03796},
  keywords      = {Astrophysics - Instrumentation and Methods for Astrophysics, Computer Science - Machine Learning},
  primaryclass  = {astro-ph.IM},
}


@Article{desi,
  author        = {{Hahn}, ChangHoon and {Kwon}, K.~J. and {Tojeiro}, Rita and {Siudek}, Malgorzata and {Canning}, Rebecca E.~A. and {Mezcua}, Mar and {Tinker}, Jeremy L. and {Brooks}, David and {Doel}, Peter and {Fanning}, Kevin and {Gazta{\~n}aga}, Enrique and {Kehoe}, Robert and {Landriau}, Martin and {Meisner}, Aaron and {Moustakas}, John and {Poppett}, Claire and {Tarle}, Gregory and {Weiner}, Benjamin and {Zou}, Hu},
  journal       = {\apj},
  title         = {{The DESI PRObabilistic Value-added Bright Galaxy Survey (PROVABGS)} Mock Challenge},
  year          = {2023},
  month         = mar,
  number        = {1},
  pages         = {16},
  volume        = {945},
  adsnote       = {Provided by the SAO/NASA Astrophysics Data System},
  adsurl        = {https://ui.adsabs.harvard.edu/abs/2023ApJ...945...16H},
  archiveprefix = {arXiv},
  doi           = {10.3847/1538-4357/ac8983},
  eid           = {16},
  eprint        = {2202.01809},
  keywords      = {Galactic and extragalactic astronomy, Galaxies, Galaxy spectroscopy, Redshift surveys, Spectrophotometry, Spectral energy distribution, Galaxy properties, Galaxy physics, Galaxy stellar content, Galaxy masses, Galaxy formation, Astrostatistics, 563, 573, 2171, 1378, 1556, 2129, 615, 612, 621, 607, 595, 1882, Astrophysics - Astrophysics of Galaxies, Astrophysics - Cosmology and Nongalactic Astrophysics},
  primaryclass  = {astro-ph.GA},
}







@ARTICLE{4most,
       author = {{de Jong}, R.},
        title = {{4MOST: 4-metre Multi-Object Spectroscopic Telescope}},
      journal = {The Messenger},
         year = 2011,
        month = sep,
       volume = {145},
        pages = {14-16},
       adsurl = {https://ui.adsabs.harvard.edu/abs/2011Msngr.145...14D},
      adsnote = {Provided by the SAO/NASA Astrophysics Data System}
}




@INPROCEEDINGS{WEAVE,
       author = {{Dalton}, Gavin and {Trager}, Scott C. and {Abrams}, Don Carlos and {Carter}, David and {Bonifacio}, Piercarlo and {Aguerri}, J. Alfonso L. and {MacIntosh}, Mike and {Evans}, Chris and {Lewis}, Ian and {Navarro}, Ramon and {Agocs}, Tibor and {Dee}, Kevin and {Rousset}, Sophie and {Tosh}, Ian and {Middleton}, Kevin and {Pragt}, Johannes and {Terrett}, David and {Brock}, Matthew and {Benn}, Chris and {Verheijen}, Marc and {Cano Infantes}, Diego and {Bevil}, Craige and {Steele}, Iain and {Mottram}, Chris and {Bates}, Stuart and {Gribbin}, Francis J. and {Rey}, J{\"u}rg and {Rodriguez}, Luis Fernando and {Delgado}, Jose Miguel and {Guinouard}, Isabelle and {Walton}, Nic and {Irwin}, Michael J. and {Jagourel}, Pascal and {Stuik}, Remko and {Gerlofsma}, Gerrit and {Roelfsma}, Ronald and {Skillen}, Ian and {Ridings}, Andy and {Balcells}, Marc and {Daban}, Jean-Baptiste and {Gouvret}, Carole and {Venema}, Lars and {Girard}, Paul},
        title = "{WEAVE: the next generation wide-field spectroscopy facility for the William Herschel Telescope}",
    booktitle = {Ground-based and Airborne Instrumentation for Astronomy IV},
         year = 2012,
       editor = {{McLean}, Ian S. and {Ramsay}, Suzanne K. and {Takami}, Hideki},
       series = {Society of Photo-Optical Instrumentation Engineers (SPIE) Conference Series},
       volume = {8446},
        month = sep,
          eid = {84460P},
        pages = {84460P},
          doi = {10.1117/12.925950},
       adsurl = {https://ui.adsabs.harvard.edu/abs/2012SPIE.8446E..0PD},
      adsnote = {Provided by the SAO/NASA Astrophysics Data System}
}


@Article{jwst,
  author    = {Jonathan P. Gardner and John C. Mather and Mark Clampin and Rene Doyon and Matthew A. Greenhouse and Heidi B. Hammel and John B. Hutchings and Peter Jakobsen and Simon J. Lilly and Knox S. Long and Jonathan I. Lunine and Mark J. Mccaughrean and Matt Mountain and John Nella and George H. Rieke and Marcia J. Rieke and Hans-Walter Rix and Eric P. Smith and George Sonneborn and Massimo Stiavelli and H. S. Stockman and Rogier A. Windhorst and Gillian S. Wright},
  journal   = {Space Science Reviews},
  title     = {{The James Webb Space Telescope}},
  year      = {2006},
  month     = {apr},
  number    = {4},
  pages     = {485--606},
  volume    = {123},
  doi       = {10.1007/s11214-006-8315-7},
  publisher = {Springer Science and Business Media {LLC}},
  url       = {https://doi.org/10.1007%2Fs11214-006-8315-7},
}


@Article{euclid,
  author    = {and R. Scaramella and J. Amiaux and Y. Mellier and C. Burigana and C. S. Carvalho and J.-C. Cuillandre and A. Da Silva and A. Derosa and J. Dinis and E. Maiorano and M. Maris and I. Tereno and R. Laureijs and T. Boenke and G. Buenadicha and X. Dupac and L. M. Gaspar Venancio and P. G{\'{o} }mez-{\'{A}}lvarez and J. Hoar and J. Lorenzo Alvarez and G. D. Racca and G. Saavedra-Criado and J. Schwartz and R. Vavrek and M. Schirmer and H. Aussel and R. Azzollini and V. F. Cardone and M. Cropper and A. Ealet and B. Garilli and W. Gillard and B. R. Granett and L. Guzzo and H. Hoekstra and K. Jahnke and T. Kitching and T. Maciaszek and M. Meneghetti and L. Miller and R. Nakajima and S. M. Niemi and F. Pasian and W. J. Percival and S. Pottinger and M. Sauvage and M. Scodeggio and S. Wachter and A. Zacchei and N. Aghanim and A. Amara and T. Auphan and N. Auricchio and S. Awan and A. Balestra and R. Bender and C. Bodendorf and D. Bonino and E. Branchini and S. Brau-Nogue and M. Brescia and G. P. Candini and V. Capobianco and C. Carbone and R. G. Carlberg and J. Carretero and R. Casas and F. J. Castander and M. Castellano and S. Cavuoti and A. Cimatti and R. Cledassou and G. Congedo and C. J. Conselice and L. Conversi and Y. Copin and L. Corcione and A. Costille and F. Courbin and H. Degaudenzi and M. Douspis and F. Dubath and C. A. J. Duncan and S. Dusini and S. Farrens and S. Ferriol and P. Fosalba and N. Fourmanoit and M. Frailis and E. Franceschi and P. Franzetti and M. Fumana and B. Gillis and C. Giocoli and A. Grazian and F. Grupp and S. V. H. Haugan and W. Holmes and F. Hormuth and P. Hudelot and S. Kermiche and A. Kiessling and M. Kilbinger and R. Kohley and B. Kubik and M. Kümmel and M. Kunz and H. Kurki-Suonio and O. Lahav and S. Ligori and P. B. Lilje and I. Lloro and O. Mansutti and O. Marggraf and K. Markovic and F. Marulli and R. Massey and S. Maurogordato and M. Melchior and E. Merlin and G. Meylan and J. J. Mohr and M. Moresco and B. Morin and L. Moscardini and E. Munari and R. C. Nichol and C. Padilla and S. Paltani and J. Peacock and K. Pedersen and V. Pettorino and S. Pires and M. Poncet and L. Popa and L. Pozzetti and F. Raison and R. Rebolo and J. Rhodes and H.-W. Rix and M. Roncarelli and E. Rossetti and R. Saglia and P. Schneider and T. Schrabback and A. Secroun and G. Seidel and S. Serrano and C. Sirignano and G. Sirri and J. Skottfelt and L. Stanco and J. L. Starck and P. Tallada-Cresp{\'{\i}} and D. Tavagnacco and A. N. Taylor and H. I. Teplitz and R. Toledo-Moreo and F. Torradeflot and M. Trifoglio and E. A. Valentijn and L. Valenziano and G. A. Verdoes Kleijn and Y. Wang and N. Welikala and J. Weller and M. Wetzstein and G. Zamorani and J. Zoubian and S. Andreon and M. Baldi and S. Bardelli and A. Boucaud and S. Camera and D. Di Ferdinando and G. Fabbian and R. Farinelli and S. Galeotta and J. Graci{\'{a}}-Carpio and D. Maino and E. Medinaceli and S. Mei and C. Neissner and G. Polenta and A. Renzi and E. Romelli and C. Rosset and F. Sureau and M. Tenti and T. Vassallo and E. Zucca and C. Baccigalupi and A. Balaguera-Antol{\'{\i}}nez and P. Battaglia and A. Biviano and S. Borgani and E. Bozzo and R. Cabanac and A. Cappi and S. Casas and G. Castignani and C. Colodro-Conde and J. Coupon and H. M. Courtois and J. Cuby and S. de la Torre and S. Desai and H. Dole and M. Fabricius and M. Farina and P. G. Ferreira and F. Finelli and P. Flose-Reimberg and S. Fotopoulou and K. Ganga and G. Gozaliasl and I. M. Hook and E. Keihanen and C. C. Kirkpatrick and P. Liebing and V. Lindholm and G. Mainetti and M. Martinelli and N. Martinet and M. Maturi and H. J. McCracken and R. B. Metcalf and G. Morgante and J. Nightingale and A. Nucita and L. Patrizii and D. Potter and G. Riccio and A. G. S{\'{a}}nchez and D. Sapone and J. A. Schewtschenko and M. Schultheis and V. Scottez and R. Teyssier and I. Tutusaus and J. Valiviita and M. Viel and W. Vriend and L. Whittaker},
  journal   = {Astronomy {\&}amp$\mathsemicolon$ Astrophysics},
  title     = {{Euclid} preparation},
  year      = {2022},
  month     = {jun},
  pages     = {A112},
  volume    = {662},
  doi       = {10.1051/0004-6361/202141938},
  publisher = {{EDP} Sciences},
  url       = {https://doi.org/10.1051%2F0004-6361%2F202141938},
}



@Article{MOONS,
  author    = {Cirasuolo, Michele and Fairley, Alasdair and Rees, Phil and Gonzalez, Oscar A. and Taylor, William and Maiolino, Roberto and Afonso, Jose and Evans, Chris and Flores, Hector and Lilly, Simon and Oliva, Ernesto and Paltani, Stephane and Vanzi, Leonardo and Abreu, Manuel and Accardo, Matteo and Adams, Nathan and Álvarez Méndez, Domingo and Amans, Jean-Philippe and Amarantidis, Stergios and Atek, Hakim and Atkinson, David and Banerji, Manda and Barrett, Joe and Barrientos, Felipe and Bauer, Franz and Beard, Steven and Béchet, Clementine and Belfiore, Andrea and Bellazzini, Michele and Benoist, Christophe and Best, Philip and Biazzo, Katia and Black, Martin and Boettger, David and Bonifacio, Piercarlo and Bowler, Rebecca and Bragaglia, Angela and Brierley, Saskia and Brinchmann, Jarle and Brinkmann, Martin and Buat, Veronique and Buitrago, Fernando and Burgarella, Denis and Burningham, Ben and Buscher, David and Cabral, Alexandre and Caffau, Elisabetta and Cardoso, Leandro and Carnall, Adam and Carollo, Marcella and Castillo, Roberto and Castignani, Gianluca and Catelan, Marco and Cicone, Claudia and Cimatti, Andrea and Cioni, Maria-Rosa L. and Clementini, Gisella and Cochrane, William and Coelho, João and Colling, Miriam and Contini, Thierry and Contreras, Rodrigo and Conzelmann, Ralf and Cresci, Giovanni and Cropper, Mark and Cucciati, Olga and Cullen, Fergus and Cumani, Claudio and Curti, Mirko and Da Silva, Antonio and Daddi, Emanuele and Dalessandro, Emanuele and Dalessio, Francesco and Dauvin, Louise and Davidson, George and De Laverny, Patrick and Delplancke-Ströbele, Françoise and De Lucia, Gabriella and Del Vecchio, Ciro and Dessauges-Zavadsky, Miroslava and Di Matteo, Paola and Dole, Herve and Drass, Holger and Dunlop, Jim and Dünner, Rolando and Eales, Steve and Ellis, Richard and Enriques, Bruno and Fasola, Giles and Ferguson, Annette and Ferruzzi, Debora and Fisher, Martin and Flores, Mauricio and Fontana, Adriano and Forchi, Vincenzo and Francois, Patrick and Franzetti, Paolo and Gargiulo, Adriana and Garilli, Bianca and Gaudemard, Julien and Gieles, Mark and Gilmore, Gerry and Ginolfi, Michele and Gomes, Jean Michel and Guinouard, Isabelle and Gutierrez, Pablo and Haigron, Régis and Hammer, François and Hammersley, Peter and Haniff, Chris and Harrison, Chris and Haywood, Misha and Hill, Vanessa and Hubin, Norbert and Humphrey, Andrew and Ibata, Rodrigo and Infante, Leopoldo and Ives, Derek and Ivison, Rob and Iwert, Olaf and Jablonka, Pascale and Jakob, Gerd and Jarvis, Matt and King, David and Kneib, Jean-Paul and Laporte, Philippe and Lawrence, Andy and Lee, David and Li Causi, Gianluca and Lorenzoni, Silvio and Lucatello, Sara and Luco, Yerco and Macleod, Alastair and Magliocchetti, Manuela and Magrini, Laura and Mainieri, Vincenzo and Maire, Charles and Mannucci, Filippo and Martin, Nicolas and Matute, Israel and Maurogordato, Sophie and McGee, Sean and Mcleod, Derek and McLure, Ross and McMahon, Richard and Melse, Basile-Thierry and Messias, Hugo and Mucciarelli, Alessio and Nisini, Brunella and Nix, Johannes and Norberg, Peder and Oesch, Pascal and Oliveira, António and Origlia, Livia and Padilla, Nelson and Palsa, Ralf and Pancino, Elena and Papaderos, Polychronis and Pappalardo, Ciro and Parry, Ian and Pasquini, Luca and Peacock, John and Pedichini, Fernando and Pello, Roser and Peng, Yingjie and Pentericci, Laura and Pfuhl, Oliver and Piazzesi, Roberto and Popovic, Dan and Pozzetti, Lucia and Puech, Mathieu and Puzia, Thomas and Raichoor, Anand and Randich, Sofia and Recio-Blanco, Alejandra and Reis, Sandra and Reix, Florent and Renzini, Alvio and Rodrigues, Myriam and Rojas, Felipe and Rojas-Arriagada, Álvaro and Rota, Stefano and Royer, Frédéric and Sacco, Germano and Sanchez-Janssen, Ruben and Sanna, Nicoletta and Santos, Pedro and Sarzi, Marc and Schaerer, Daniel and Schiavon, Ricardo and Schnell, Robin and Schultheis, Mathias and Scodeggio, Marco and Serjeant, Steve and Shen, Tzu-Chiang and Simmonds, Charlotte and Smoker, Jonathan and Sobral, David and Sordet, Michael and Spérone, Damien and Strachan, Jonathan and Sun, Xiaowei and Swinbank, Mark and Tait, Graham and Tereno, Ismael and Tojeiro, Rita and Torres, Miguel and Tosi, Monica and Tozzi, Andrea and Tresiter, Ezequiel and Valenti, Elena and Valenzuela Navarro, Álvaro and Vanzella, Eros and Vergani, Susanna and Verhamme, Anne and Vernet, Joël and Vignali, Cristian and Vinther, Jakob and Von Dran, Lauren and Waring, Chris and Watson, Stephen and Wild, Vivienne and Willesme, Bart and Woodward, Brian and Wuyts, Stijn and Yang, Yanbin and Zamorani, Gianni and Zoccali, Manuela and Bluck, Asa and Trussler, James},
  journal   = {The Messenger },
  title     = {{MOONS}: The New Multi-Object Spectrograph for the {VLT}},
  year      = {2020},
  pages     = {June 2020.},
  volume    = {pp. 10-17},
  copyright = {Copyright European Southern Observatory},
  doi       = {10.18727/0722-6691/5195},
  publisher = {European Southern Observatory (ESO)},
  url       = {http://doi.eso.org/10.18727/0722-6691/5195},
}


@article{conselice2007assembly,
       author = {{Conselice}, C.~J.},
        title = {The Assembly History of Massive Galaxies: What Do We Know?},
         year = 2008,
      journal = {\aspc},
       volume = {390},
        month = jun,
        pages = {403},
          doi = {10.48550/arXiv.0706.3482},
archivePrefix = {arXiv},
       eprint = {0706.3482},
 primaryClass = {astro-ph},
       adsurl = {https://ui.adsabs.harvard.edu/abs/2008ASPC..390..403C},
      adsnote = {Provided by the SAO/NASA Astrophysics Data System}
}


@article{Angeloudi_2023,
	doi = {10.1093/\mnras/stad1669},
  
	url = {https://doi.org/10.1093%2F\mnras%2Fstad1669},
  
	year = 2023,
	month = {jun},
  
	publisher = {Oxford University Press ({OUP})},
  
	author = {Eirini Angeloudi and Jesús Falcón-Barroso and Marc Huertas-Company and Regina Sarmiento and Annalisa Pillepich and Daniel Walo-Mart{\'{\i}}n and Lukas Eisert},
  
	title = {{ERGO}-{ML}: Towards a robust machine learning model for inferring the fraction of accreted stars in galaxies from integral-field spectroscopic maps},
  
	journal = {\mnras}
}

@ARTICLE{nacho,
       author = {{Martín-Navarro}, Ignacio and {Burchett}, Joseph N. and {Mezcua}, Mar},
        title = "{Black hole feedback and the evolution of massive early-type galaxies}",
      journal = {\mnras},
     keywords = {galaxies: abundances, galaxies: evolution, galaxies: formation, galaxies: stellar content, Astrophysics - Astrophysics of Galaxies},
         year = 2020,
        month = jan,
       volume = {491},
       number = {1},
        pages = {1311-1319},
          doi = {10.1093/\mnras/stz3073},
archivePrefix = {arXiv},
       eprint = {1910.12870},
 primaryClass = {astro-ph.GA},
       adsurl = {https://ui.adsabs.harvard.edu/abs/2020\mnras.491.1311M},
      adsnote = {Provided by the SAO/NASA Astrophysics Data System}
}


%------------ new ----------------

@ARTICLE{gallazzi2005,
       author = {{Gallazzi}, Anna and {Charlot}, St{\'e}phane and {Brinchmann}, Jarle and {White}, Simon D.~M. and {Tremonti}, Christy A.},
        title = "{The ages and metallicities of galaxies in the local universe}",
      journal = {\mnras},
     keywords = {galaxies: evolution, galaxies: formation, galaxies: stellar content, Astrophysics},
         year = 2005,
        month = sep,
       volume = {362},
       number = {1},
        pages = {41-58},
          doi = {10.1111/j.1365-2966.2005.09321.x},
archivePrefix = {arXiv},
       eprint = {astro-ph/0506539},
 primaryClass = {astro-ph},
       adsurl = {https://ui.adsabs.harvard.edu/abs/2005\mnras.362...41G},
      adsnote = {Provided by the SAO/NASA Astrophysics Data System}
}


@ARTICLE{SDSS,
       author = {{York}, Donald G. and {Adelman}, J. and {Anderson}, John E., Jr. and {Anderson}, Scott F. and {Annis}, James and {Bahcall}, Neta A. and {Bakken}, J.~A. and {Barkhouser}, Robert and {Bastian}, Steven and {Berman}, Eileen and {Boroski}, William N. and {Bracker}, Steve and {Briegel}, Charlie and {Briggs}, John W. and {Brinkmann}, J. and {Brunner}, Robert and {Burles}, Scott and {Carey}, Larry and {Carr}, Michael A. and {Castander}, Francisco J. and {Chen}, Bing and {Colestock}, Patrick L. and {Connolly}, A.~J. and {Crocker}, J.~H. and {Csabai}, Istv{\'a}n and {Czarapata}, Paul C. and {Davis}, John Eric and {Doi}, Mamoru and {Dombeck}, Tom and {Eisenstein}, Daniel and {Ellman}, Nancy and {Elms}, Brian R. and {Evans}, Michael L. and {Fan}, Xiaohui and {Federwitz}, Glenn R. and {Fiscelli}, Larry and {Friedman}, Scott and {Frieman}, Joshua A. and {Fukugita}, Masataka and {Gillespie}, Bruce and {Gunn}, James E. and {Gurbani}, Vijay K. and {de Haas}, Ernst and {Haldeman}, Merle and {Harris}, Frederick H. and {Hayes}, J. and {Heckman}, Timothy M. and {Hennessy}, G.~S. and {Hindsley}, Robert B. and {Holm}, Scott and {Holmgren}, Donald J. and {Huang}, Chi-hao and {Hull}, Charles and {Husby}, Don and {Ichikawa}, Shin-Ichi and {Ichikawa}, Takashi and {Ivezi{\'c}}, {\v{Z}}eljko and {Kent}, Stephen and {Kim}, Rita S.~J. and {Kinney}, E. and {Klaene}, Mark and {Kleinman}, A.~N. and {Kleinman}, S. and {Knapp}, G.~R. and {Korienek}, John and {Kron}, Richard G. and {Kunszt}, Peter Z. and {Lamb}, D.~Q. and {Lee}, B. and {Leger}, R. French and {Limmongkol}, Siriluk and {Lindenmeyer}, Carl and {Long}, Daniel C. and {Loomis}, Craig and {Loveday}, Jon and {Lucinio}, Rich and {Lupton}, Robert H. and {MacKinnon}, Bryan and {Mannery}, Edward J. and {Mantsch}, P.~M. and {Margon}, Bruce and {McGehee}, Peregrine and {McKay}, Timothy A. and {Meiksin}, Avery and {Merelli}, Aronne and {Monet}, David G. and {Munn}, Jeffrey A. and {Narayanan}, Vijay K. and {Nash}, Thomas and {Neilsen}, Eric and {Neswold}, Rich and {Newberg}, Heidi Jo and {Nichol}, R.~C. and {Nicinski}, Tom and {Nonino}, Mario and {Okada}, Norio and {Okamura}, Sadanori and {Ostriker}, Jeremiah P. and {Owen}, Russell and {Pauls}, A. George and {Peoples}, John and {Peterson}, R.~L. and {Petravick}, Donald and {Pier}, Jeffrey R. and {Pope}, Adrian and {Pordes}, Ruth and {Prosapio}, Angela and {Rechenmacher}, Ron and {Quinn}, Thomas R. and {Richards}, Gordon T. and {Richmond}, Michael W. and {Rivetta}, Claudio H. and {Rockosi}, Constance M. and {Ruthmansdorfer}, Kurt and {Sandford}, Dale and {Schlegel}, David J. and {Schneider}, Donald P. and {Sekiguchi}, Maki and {Sergey}, Gary and {Shimasaku}, Kazuhiro and {Siegmund}, Walter A. and {Smee}, Stephen and {Smith}, J. Allyn and {Snedden}, S. and {Stone}, R. and {Stoughton}, Chris and {Strauss}, Michael A. and {Stubbs}, Christopher and {SubbaRao}, Mark and {Szalay}, Alexander S. and {Szapudi}, Istvan and {Szokoly}, Gyula P. and {Thakar}, Anirudda R. and {Tremonti}, Christy and {Tucker}, Douglas L. and {Uomoto}, Alan and {Vanden Berk}, Dan and {Vogeley}, Michael S. and {Waddell}, Patrick and {Wang}, Shu-i. and {Watanabe}, Masaru and {Weinberg}, David H. and {Yanny}, Brian and {Yasuda}, Naoki and {SDSS Collaboration}},
        title = "{The Sloan Digital Sky Survey: Technical Summary}",
      journal = {\aj},
     keywords = {Cosmology: Observations, Instrumentation: Miscellaneous, Astrophysics},
         year = 2000,
        month = sep,
       volume = {120},
       number = {3},
        pages = {1579-1587},
          doi = {10.1086/301513},
archivePrefix = {arXiv},
       eprint = {astro-ph/0006396},
 primaryClass = {astro-ph},
       adsurl = {https://ui.adsabs.harvard.edu/abs/2000AJ....120.1579Y},
      adsnote = {Provided by the SAO/NASA Astrophysics Data System}
}


@ARTICLE{tacchela21,
       author = {{Tacchella}, Sandro and {Conroy}, Charlie and {Faber}, S.~M. and {Johnson}, Benjamin D. and {Leja}, Joel and {Barro}, Guillermo and {Cunningham}, Emily C. and {Deason}, Alis J. and {Guhathakurta}, Puragra and {Guo}, Yicheng and {Hernquist}, Lars and {Koo}, David C. and {McKinnon}, Kevin and {Rockosi}, Constance M. and {Speagle}, Joshua S. and {van Dokkum}, Pieter and {Yesuf}, Hassen M.},
        title = "{Fast, Slow, Early, Late: Quenching Massive Galaxies at z {\ensuremath{\sim}} 0.8}",
      journal = {\apj},
     keywords = {594, 595, 621, 2040, Astrophysics - Astrophysics of Galaxies},
         year = 2022,
        month = feb,
       volume = {926},
       number = {2},
          eid = {134},
        pages = {134},
          doi = {10.3847/1538-4357/ac449b},
archivePrefix = {arXiv},
       eprint = {2102.12494},
 primaryClass = {astro-ph.GA},
       adsurl = {https://ui.adsabs.harvard.edu/abs/2022ApJ...926..134T},
      adsnote = {Provided by the SAO/NASA Astrophysics Data System}
}


@ARTICLE{speculator,
       author = {{Alsing}, Justin and {Peiris}, Hiranya and {Leja}, Joel and {Hahn}, ChangHoon and {Tojeiro}, Rita and {Mortlock}, Daniel and {Leistedt}, Boris and {Johnson}, Benjamin D. and {Conroy}, Charlie},
        title = {{SPECULATOR}: Emulating Stellar Population Synthesis for Fast and Accurate Galaxy Spectra and Photometry},
      journal = {\apjs},
     keywords = {Galaxies, Neural networks, Galaxy photometry, 573, 1933, 611, Astrophysics - Instrumentation and Methods for Astrophysics, Astrophysics - Astrophysics of Galaxies},
         year = 2020,
        month = jul,
       volume = {249},
       number = {1},
          eid = {5},
        pages = {5},
          doi = {10.3847/1538-4365/ab917f},
archivePrefix = {arXiv},
       eprint = {1911.11778},
 primaryClass = {astro-ph.IM},
       adsurl = {https://ui.adsabs.harvard.edu/abs/2020ApJS..249....5A},
      adsnote = {Provided by the SAO/NASA Astrophysics Data System}
}


@ARTICLE{cosmos,
       author = {{Scoville}, N. and {Aussel}, H. and {Brusa}, M. and {Capak}, P. and {Carollo}, C.~M. and {Elvis}, M. and {Giavalisco}, M. and {Guzzo}, L. and {Hasinger}, G. and {Impey}, C. and {Kneib}, J. -P. and {LeFevre}, O. and {Lilly}, S.~J. and {Mobasher}, B. and {Renzini}, A. and {Rich}, R.~M. and {Sanders}, D.~B. and {Schinnerer}, E. and {Schminovich}, D. and {Shopbell}, P. and {Taniguchi}, Y. and {Tyson}, N.~D.},
        title = "{The Cosmic Evolution Survey (COSMOS): Overview}",
      journal = {\apjs},
     keywords = {Cosmology: Observations, Cosmology: Dark Matter, Galaxies: Evolution, Galaxies: Formation, Cosmology: Large-Scale Structure of Universe, Surveys, Astrophysics},
         year = 2007,
        month = sep,
       volume = {172},
       number = {1},
        pages = {1-8},
          doi = {10.1086/516585},
archivePrefix = {arXiv},
       eprint = {astro-ph/0612305},
 primaryClass = {astro-ph},
       adsurl = {https://ui.adsabs.harvard.edu/abs/2007ApJS..172....1S},
      adsnote = {Provided by the SAO/NASA Astrophysics Data System}
}


@ARTICLE{joanna24,
       author = {{Woo}, Joanna and {Walters}, Dan and {Archinuk}, Finn and {Faber}, S.~M. and {Ellison}, Sara L. and {Teimoorinia}, Hossen and {Iyer}, Kartheik},
        title = "{Stellar Populations With Optical Spectra: Deep Learning vs. Popular Spectrum Fitting Codes}",
      journal = {arXiv e-prints},
     keywords = {Astrophysics - Astrophysics of Galaxies},
         year = 2024,
        month = jan,
          eid = {arXiv:2401.12300},
        pages = {arXiv:2401.12300},
          doi = {10.48550/arXiv.2401.12300},
archivePrefix = {arXiv},
       eprint = {2401.12300},
 primaryClass = {astro-ph.GA},
       adsurl = {https://ui.adsabs.harvard.edu/abs/2024arXiv240112300W},
      adsnote = {Provided by the SAO/NASA Astrophysics Data System}
}
@ARTICLE{kwon24,
       author = {{Kwon}, K.~J. and {Hahn}, ChangHoon},
        title = "{Modeling the Kinematics of Central and Satellite Galaxies Using Normalizing Flows}",
      journal = {arXiv e-prints},
     keywords = {Astrophysics - Astrophysics of Galaxies, Astrophysics - Cosmology and Nongalactic Astrophysics},
         year = 2024,
        month = jan,
          eid = {arXiv:2401.12318},
        pages = {arXiv:2401.12318},
          doi = {10.48550/arXiv.2401.12318},
archivePrefix = {arXiv},
       eprint = {2401.12318},
 primaryClass = {astro-ph.GA},
       adsurl = {https://ui.adsabs.harvard.edu/abs/2024arXiv240112318K},
      adsnote = {Provided by the SAO/NASA Astrophysics Data System}
}


@ARTICLE{worthey92,
       author = {{Worthey}, Guy and {Faber}, S.~M. and {Gonzalez}, J.~J.},
        title = "{MG and Fe Absorption Features in Elliptical Galaxies}",
      journal = {\apj},
     keywords = {Absorption Spectra, Elliptical Galaxies, Iron, Magnesium, Metallicity, Astronomical Models, Galactic Evolution, Galactic Nuclei, Star Formation, Supernovae, Astrophysics, GALAXIES: ABUNDANCES, GALAXIES: ELLIPTICAL AND LENTICULAR, CD, GALAXIES: EVOLUTION, GALAXIES: FORMATION, GALAXIES: STELLAR CONTENT},
         year = 1992,
        month = oct,
       volume = {398},
        pages = {69},
          doi = {10.1086/171836},
       adsurl = {https://ui.adsabs.harvard.edu/abs/1992ApJ...398...69W},
      adsnote = {Provided by the SAO/NASA Astrophysics Data System}
}



@ARTICLE{Franx90,
       author = {{Franx}, Marijn and {Illingworth}, Garth},
        title = "{Color Gradients in Elliptical Galaxies}",
      journal = {\apjl},
     keywords = {Color, Elliptical Galaxies, Astronomical Models, Galactic Mass, Mass To Light Ratios, Metallicity, Astrophysics, GALAXIES: GENERAL},
         year = 1990,
        month = aug,
       volume = {359},
        pages = {L41},
          doi = {10.1086/185791},
       adsurl = {https://ui.adsabs.harvard.edu/abs/1990ApJ...359L..41F},
      adsnote = {Provided by the SAO/NASA Astrophysics Data System}
}



@article{Silk_2012,
       author = {{Silk}, Joseph and {Mamon}, Gary A.},
        title = "{The current status of galaxy formation}",
      journal = {\raa},
     keywords = {Astrophysics - Cosmology and Extragalactic Astrophysics},
         year = 2012,
        month = aug,
       volume = {12},
       number = {8},
        pages = {917-946},
          doi = {10.1088/1674-4527/12/8/004},
archivePrefix = {arXiv},
       eprint = {1207.3080},
 primaryClass = {astro-ph.CO},
       adsurl = {https://ui.adsabs.harvard.edu/abs/2012RAA....12..917S},
      adsnote = {Provided by the SAO/NASA Astrophysics Data System}
}


@article{starlight,
    author = {Fernandes, Roberto Cid and Mateus, Abílio and Sodré, Laerte and Stasińska, Grażyna and Gomes, Jean M.},
    title = "{Semi-empirical analysis of Sloan Digital Sky Survey galaxies – I. Spectral synthesis method}",
    journal = {\mnras},
    volume = {358},
    number = {2},
    pages = {363-378},
    year = {2005},
    month = {04},
    abstract = "{The study of stellar populations in galaxies is entering a new era with the availability of large and high-quality data bases of both observed galactic spectra and state-of-the-art evolutionary synthesis models. In this paper we investigate the power of spectral synthesis as a means to estimate the physical properties of galaxies. Spectral synthesis is nothing more than the decomposition of an observed spectrum in terms of a superposition of a base of simple stellar populations of various ages and metallicities, producing as output the star formation and chemical histories of a galaxy, its extinction and velocity dispersion. Our implementation of this method uses the recent models of Bruzual \\&amp; Charlot and observed spectra in the 3650–8000 Å range. The reliability of this approach is studied by three different means: (1) simulations, (2) comparison with previous work based on a different technique, and (3) analysis of the consistency of results obtained for a sample of galaxies from the Sloan Digital Sky Survey (SDSS).We find that spectral synthesis provides reliable physical parameters as long as one does not attempt a very detailed description of the star formation and chemical histories. Robust and physically interesting parameters are obtained by combining the (individually uncertain) strengths of each simple stellar population in the base. In particular, we show that, besides providing excellent fits to observed galaxy spectra, this method is able to recover useful information on the distributions of stellar ages and, more importantly, stellar metallicities. Stellar masses, velocity dispersion and extinction are also found to be accurately retrieved for realistic signal-to-noise ratios.We apply this synthesis method to a volume-limited sample of 50362 galaxies from the SDSS Data Release 2, producing a catalogue of stellar population properties. Emission lines are also studied, their measurement being performed after subtracting the computed starlight spectrum from the observed one. A comparison with recent estimates of both observed and physical properties of these galaxies obtained by other groups shows good qualitative and quantitative agreement, despite substantial differences in the methods of analysis. The confidence in the present method is further strengthened by several empirical and astrophysically reasonable correlations between synthesis results and independent quantities. For instance, we report the existence of strong correlations between stellar and nebular metallicities, stellar and nebular extinctions, mean stellar age and equivalent width of Hα and 4000-Å break, and between stellar mass and velocity dispersion.}",
    issn = {0035-8711},
    doi = {10.1111/j.1365-2966.2005.08752.x},
    url = {https://doi.org/10.1111/j.1365-2966.2005.08752.x},
    eprint = {https://academic.oup.com/mnras/article-pdf/358/2/363/18422924/358-2-363.pdf},
}

@ARTICLE{firefly,
       author = {{Wilkinson}, David M. and {Maraston}, Claudia and {Goddard}, Daniel and {Thomas}, Daniel and {Parikh}, Taniya},
        title = "{FIREFLY (Fitting IteRativEly For Likelihood analYsis): a full spectral fitting code}",
      journal = {\mnras},
     keywords = {methods: data analysis, methods: numerical, galaxies: evolution, galaxies: fundamental parameters, galaxies: stellar content, Astrophysics - Astrophysics of Galaxies},
         year = 2017,
        month = dec,
       volume = {472},
       number = {4},
        pages = {4297-4326},
          doi = {10.1093/mnras/stx2215},
archivePrefix = {arXiv},
       eprint = {1711.00865},
 primaryClass = {astro-ph.GA},
       adsurl = {https://ui.adsabs.harvard.edu/abs/2017MNRAS.472.4297W},
      adsnote = {Provided by the SAO/NASA Astrophysics Data System}
}

@article{vespa,
    author = {Tojeiro, R. and Heavens, A. F. and Jimenez, R. and Panter, B.},
    title = "{Recovering galaxy star formation and metallicity histories from spectra using VESPA}",
    journal = {\mnras},
    volume = {381},
    number = {3},
    pages = {1252-1266},
    year = {2007},
    month = {10},
    abstract = "{We introduce versatile spectral analysis (VESPA): a new method which aims to recover robust star formation and metallicity histories from galactic spectra. VESPA uses the full spectral range to construct a galaxy history from synthetic models. We investigate the use of an adaptative parametrization grid to recover reliable star formation histories on a galaxy‐by‐galaxy basis. Our goal is robustness as opposed to high‐resolution histories, and the method is designed to return high time resolution only where the data demand it. In this paper we detail the method and we present our findings when we apply VESPA to synthetic and real Sloan Digital Sky Survey (SDSS) spectroscopic data. We show that the number of parameters that can be recovered from a spectrum depends strongly on the signal‐to‐noise ratio, wavelength coverage and presence or absence of a young population. For a typical SDSS sample of galaxies, we can normally recover between two and five stellar populations. We find very good agreement between VESPA and our previous analysis of the SDSS sample with MOPED.}",
    issn = {0035-8711},
    doi = {10.1111/j.1365-2966.2007.12323.x},
    url = {https://doi.org/10.1111/j.1365-2966.2007.12323.x},
    eprint = {https://academic.oup.com/mnras/article-pdf/381/3/1252/3664170/mnras0381-1252.pdf},
}


@article{Mart_n_Navarro_2019,
   title={Star formation quenching imprinted on the internal structure of naked red nuggets},
   volume={487},
   ISSN={1365-2966},
   url={http://dx.doi.org/10.1093/mnras/stz1544},
   DOI={10.1093/mnras/stz1544},
   number={4},
   journal={\mnras},
   publisher={Oxford University Press (OUP)},
   author={Martín-Navarro, Ignacio and van de Ven, Glenn and Yıldırım, Akın},
   year={2019},
   month=jun, pages={4939–4950} }


@ARTICLE{2024maciata,
       author = {{Maksymowicz-Maciata}, Michalina and {Spiniello}, Chiara and {Mart{\'\i}n-Navarro}, Ignacio and {Ferr{\'e}-Mateu}, Anna and {Bevacqua}, Davide and {Cappellari}, Michele and {D'Ago}, Giuseppe and {Tortora}, Crescenzo and {Arnaboldi}, Magda and {Hartke}, Johanna and {Saracco}, Paolo and {Scognamiglio}, Diana},
        title = "{INSPIRE: INvestigating Stellar Population In RElics VI -- The low-mass end slope of the stellar Initial Mass Function and chemical composition}",
      journal = {arXiv e-prints},
     keywords = {Astrophysics - Astrophysics of Galaxies},
         year = 2024,
        month = jan,
          eid = {arXiv:2401.15769},
        pages = {arXiv:2401.15769},
          doi = {10.48550/arXiv.2401.15769},
archivePrefix = {arXiv},
       eprint = {2401.15769},
 primaryClass = {astro-ph.GA},
       adsurl = {https://ui.adsabs.harvard.edu/abs/2024arXiv240115769M},
      adsnote = {Provided by the SAO/NASA Astrophysics Data System}
}

@ARTICLE{2024wang,
       author = {{Wang}, Bingjie and {Leja}, Joel and {Labb{\'e}}, Ivo and {Bezanson}, Rachel and {Whitaker}, Katherine E. and {Brammer}, Gabriel and {Furtak}, Lukas J. and {Weaver}, John R. and {Price}, Sedona H. and {Zitrin}, Adi and {Atek}, Hakim and {Coe}, Dan and {Cutler}, Sam E. and {Dayal}, Pratika and {van Dokkum}, Pieter and {Feldmann}, Robert and {Marchesini}, Danilo and {Franx}, Marijn and {F{\"o}rster Schreiber}, Natascha and {Fujimoto}, Seiji and {Geha}, Marla and {Glazebrook}, Karl and {de Graaff}, Anna and {Greene}, Jenny E. and {Juneau}, St{\'e}phanie and {Kassin}, Susan and {Kriek}, Mariska and {Khullar}, Gourav and {Maseda}, Michael and {Mowla}, Lamiya A. and {Muzzin}, Adam and {Nanayakkara}, Themiya and {Nelson}, Erica J. and {Oesch}, Pascal A. and {Pacifici}, Camilla and {Pan}, Richard and {Papovich}, Casey and {Setton}, David J. and {Shapley}, Alice E. and {Smit}, Renske and {Stefanon}, Mauro and {Suess}, Katherine A. and {Taylor}, Edward N. and {Williams}, Christina C.},
        title = "{The UNCOVER Survey: A First-look HST+JWST Catalog of Galaxy Redshifts and Stellar Population Properties Spanning 0.2 {\ensuremath{\lesssim}} z {\ensuremath{\lesssim}} 15}",
      journal = {\apjs},
     keywords = {Abell clusters, Catalogs, Galaxy evolution, James Webb Space Telescope, Hubble Space Telescope, Spectral energy distribution, 9, 205, 594, 2291, 761, 2129, Astrophysics - Astrophysics of Galaxies},
         year = 2024,
        month = jan,
       volume = {270},
       number = {1},
          eid = {12},
        pages = {12},
          doi = {10.3847/1538-4365/ad0846},
archivePrefix = {arXiv},
       eprint = {2310.01276},
 primaryClass = {astro-ph.GA},
       adsurl = {https://ui.adsabs.harvard.edu/abs/2024ApJS..270...12W},
      adsnote = {Provided by the SAO/NASA Astrophysics Data System}
}

@ARTICLE{moser24,
       author = {{Moser}, Beatrice and {Kacprzak}, Tomasz and {Fischbacher}, Silvan and {Refregier}, Alexandre and {Grimm}, Dominic and {Tortorelli}, Luca},
        title = "{Simulation-based inference of deep fields: galaxy population model and redshift distributions}",
      journal = {arXiv e-prints},
     keywords = {Astrophysics - Cosmology and Nongalactic Astrophysics},
         year = 2024,
        month = jan,
          eid = {arXiv:2401.06846},
        pages = {arXiv:2401.06846},
          doi = {10.48550/arXiv.2401.06846},
archivePrefix = {arXiv},
       eprint = {2401.06846},
 primaryClass = {astro-ph.CO},
       adsurl = {https://ui.adsabs.harvard.edu/abs/2024arXiv240106846M},
      adsnote = {Provided by the SAO/NASA Astrophysics Data System}
}

@article{hunt2024predicting,
    author = {Hunt, Laura J and Pimbblet, Kevin A and Benoit, David M},
    title = "{Predicting the ages of galaxies with an artificial neural network}",
    journal = {\mnras},
    pages = {stae479},
    year = {2024},
    month = {02},
    abstract = "{We present a new method of predicting the ages of galaxies using a machine learning (ML) algorithm with the goal of providing an alternative to traditional methods. We aim to match the ability of traditional models to predict the ages of galaxies by training an artificial neural network (ANN) to recognise the relationships between the equivalent widths of spectral indices and the mass-weighted ages of galaxies estimated by the MAGPHYS model in data release 3 (DR3) of the Galaxy and Mass Assembly (GAMA) survey. We discuss the optimisation of our hyperparameters extensively and investigate the application of a custom loss function to reduce the influence of errors in our input data. To quantify the quality of our predictions we calculate the mean squared error (MSE), mean absolute error (MAE) and R2 score for which we find MSE = 0.020, MAE = 0.108 and R2 = 0.530. We find our predicted ages have a similar distribution with standard deviation σp = 0.182 compared with the GAMA true ages σt = 0.207. This is achieved in approximately 23s to train our ANN on an 11th Gen Intel Core i9-11900H running at 2.50GHz using 32GB of RAM. We report our results for when light-weighted ages are used to train the ANN, which improves the accuracy of the predictions. Finally, we detail an evaluation of our method relating to physical properties and compare with other ML techniques to encourage future applications of ML techniques in Astronomy.}",
    issn = {0035-8711},
    doi = {10.1093/mnras/stae479},
    url = {https://doi.org/10.1093/mnras/stae479},
    eprint = {https://academic.oup.com/mnras/advance-article-pdf/doi/10.1093/mnras/stae479/56687577/stae479.pdf},
}


@ARTICLE{hahn23,
       author = {{Hahn}, ChangHoon and {Eickenberg}, Michael and {Ho}, Shirley and {Hou}, Jiamin and {Lemos}, Pablo and {Massara}, Elena and {Modi}, Chirag and {Moradinezhad Dizgah}, Azadeh and {R{\'e}galdo-Saint Blancard}, Bruno and {Abidi}, Muntazir M.},
        title = "{SIMBIG: mock challenge for a forward modeling approach to galaxy clustering}",
      journal = {\jcap},
     keywords = {cosmological parameters from LSS, redshift surveys, cosmological simulations, Machine learning, Astrophysics - Cosmology and Nongalactic Astrophysics},
         year = 2023,
        month = apr,
       volume = {2023},
       number = {4},
          eid = {010},
        pages = {010},
          doi = {10.1088/1475-7516/2023/04/010},
archivePrefix = {arXiv},
       eprint = {2211.00660},
 primaryClass = {astro-ph.CO},
       adsurl = {https://ui.adsabs.harvard.edu/abs/2023JCAP...04..010H},
      adsnote = {Provided by the SAO/NASA Astrophysics Data System}
}


@INPROCEEDINGS{zhang23,
       author = {{Zhang}, Keming and {Jayasinghe}, Tharindu and {Bloom}, Joshua},
        title = "{Stellar Spectra Fitting with Amortized Neural Posterior Estimation and nbi}",
     keywords = {Astrophysics - Solar and Stellar Astrophysics, Astrophysics - Astrophysics of Galaxies, Astrophysics - Instrumentation and Methods for Astrophysics, Computer Science - Machine Learning},
    booktitle = {Machine Learning for Astrophysics},
         year = 2023,
        month = jul,
          eid = {39},
        pages = {39},
          doi = {10.48550/arXiv.2312.05687},
archivePrefix = {arXiv},
       eprint = {2312.05687},
 primaryClass = {astro-ph.SR},
       adsurl = {https://ui.adsabs.harvard.edu/abs/2023mla..confE..39Z},
      adsnote = {Provided by the SAO/NASA Astrophysics Data System}
}

@ARTICLE{falcon11,
       author = {{Falc{\'o}n-Barroso}, J. and {S{\'a}nchez-Bl{\'a}zquez}, P. and {Vazdekis}, A. and {Ricciardelli}, E. and {Cardiel}, N. and {Cenarro}, A.~J. and {Gorgas}, J. and {Peletier}, R.~F.},
        title = "{An updated MILES stellar library and stellar population models}",
      journal = {\aap},
     keywords = {catalogs, methods: data analysis, techniques: spectroscopic, stars: kinematics and dynamics, galaxies: kinematics and dynamics, Astrophysics - Cosmology and Nongalactic Astrophysics},
         year = 2011,
        month = aug,
       volume = {532},
          eid = {A95},
        pages = {A95},
          doi = {10.1051/0004-6361/201116842},
archivePrefix = {arXiv},
       eprint = {1107.2303},
 primaryClass = {astro-ph.CO},
       adsurl = {https://ui.adsabs.harvard.edu/abs/2011A&A...532A..95F},
      adsnote = {Provided by the SAO/NASA Astrophysics Data System}
}


@article{cervantes09, author = {Cervantes, J. L. and Vazdekis, A.},
    title = "{An optimized Hβ index for disentangling stellar population ages}",
    journal = {\mnras},
    volume = {392},
    number = {2},
    pages = {691-704},
    year = {2008},
    month = {12},
    abstract = "{We have defined a new Hβ absorption index definition, Hβo, which has been optimized as an age indicator for old and intermediate age stellar populations. Rather than using stellar spectra, we employed for this purpose a library of stellar population spectral energy distributions of different ages and metallicities at moderately high resolution. Hβo provides us with improved abilities for lifting the age–metallicity degeneracy affecting the standard Hβ Lick index definition. The new index, which has also been optimized against photon noise and velocity dispersion, is fully characterized with wavelength shift, spectrum shape, dust extinction and [α/Fe] abundance ratio effects. Hβo requires spectra of similar qualities as those commonly used for measuring the standard Hβ Lick index definition. Aiming at illustrating the use and capabilities of Hβo as an age indicator we apply it to Milky Way globular clusters and to a well selected sample of early-type galaxies covering a wide range in mass. The results shown here are particularly useful for applying this index and understand the involved uncertainties.}",
    issn = {0035-8711},
    doi = {10.1111/j.1365-2966.2008.14079.x},
    url = {https://doi.org/10.1111/j.1365-2966.2008.14079.x},
    eprint = {https://academic.oup.com/mnras/article-pdf/392/2/691/2991691/mnras0392-0691.pdf}
}

@ARTICLE{thomas03,
       author = {{Thomas}, Daniel and {Maraston}, Claudia and {Bender}, Ralf},
        title = "{Stellar population models of Lick indices with variable element abundance ratios}",
      journal = {\mnras},
     keywords = {stars: abundances, Galaxy: abundances, globular clusters: general, galaxies: elliptical and lenticular, cD, galaxies: stellar content, Astrophysics},
         year = 2003,
        month = mar,
       volume = {339},
       number = {3},
        pages = {897-911},
          doi = {10.1046/j.1365-8711.2003.06248.x},
archivePrefix = {arXiv},
       eprint = {astro-ph/0209250},
 primaryClass = {astro-ph},
       adsurl = {https://ui.adsabs.harvard.edu/abs/2003MNRAS.339..897T},
      adsnote = {Provided by the SAO/NASA Astrophysics Data System}
}


@ARTICLE{ppxf,
       author = {{Cappellari}, Michele and {Emsellem}, Eric},
        title = "{Parametric Recovery of Line-of-Sight Velocity Distributions from Absorption-Line Spectra of Galaxies via Penalized Likelihood}",
      journal = {\pasp},
     keywords = {Galaxies: Individual: NGC Number: NGC 3384, Galaxies: Kinematics and Dynamics, line: profiles, Methods: Numerical, Astrophysics},
         year = 2004,
        month = feb,
       volume = {116},
       number = {816},
        pages = {138-147},
          doi = {10.1086/381875},
archivePrefix = {arXiv},
       eprint = {astro-ph/0312201},
 primaryClass = {astro-ph},
       adsurl = {https://ui.adsabs.harvard.edu/abs/2004PASP..116..138C},
      adsnote = {Provided by the SAO/NASA Astrophysics Data System}
}


@ARTICLE{cloudy,
       author = {{Ferland}, G.~J. and {Korista}, K.~T. and {Verner}, D.~A. and {Ferguson}, J.~W. and {Kingdon}, J.~B. and {Verner}, E.~M.},
        title = "{CLOUDY 90: Numerical Simulation of Plasmas and Their Spectra}",
      journal = {\pasp},
         year = 1998,
        month = jul,
       volume = {110},
       number = {749},
        pages = {761-778},
          doi = {10.1086/316190},
       adsurl = {https://ui.adsabs.harvard.edu/abs/1998PASP..110..761F},
      adsnote = {Provided by the SAO/NASA Astrophysics Data System}
}


@ARTICLE{fado,
       author = {{Cardoso}, Leandro S.~M. and {Gomes}, Jean Michel and {Papaderos}, Polychronis},
        title = "{Self-consistent population spectral synthesis with FADO. I. The importance of nebular emission in modelling star-forming galaxies}",
      journal = {\aap},
     keywords = {galaxies: evolution, galaxies: starburst, galaxies: ISM, galaxies: fundamental parameters, galaxies: stellar content, methods: numerical, Astrophysics - Astrophysics of Galaxies},
         year = 2019,
        month = feb,
       volume = {622},
          eid = {A56},
        pages = {A56},
          doi = {10.1051/0004-6361/201833438},
archivePrefix = {arXiv},
       eprint = {1901.10776},
 primaryClass = {astro-ph.GA},
       adsurl = {https://ui.adsabs.harvard.edu/abs/2019A&A...622A..56C},
      adsnote = {Provided by the SAO/NASA Astrophysics Data System}
}